<!DOCTYPE html>
<meta charset="utf-8" />
<!-- version 1 -->
<title>[Gen 5] Random Battle replay: Teres bahji vs. PeaTSD</title>
<style>
html,body {font-family:Verdana, sans-serif;font-size:10pt;margin:0;padding:0;}body{padding:12px 0;} .battle-log {font-family:Verdana, sans-serif;font-size:10pt;} .battle-log-inline {border:1px solid #AAAAAA;background:#EEF2F5;color:black;max-width:640px;margin:0 auto 80px;padding-bottom:5px;} .battle-log .inner {padding:4px 8px 0px 8px;} .battle-log .inner-preempt {padding:0 8px 4px 8px;} .battle-log .inner-after {margin-top:0.5em;} .battle-log h2 {margin:0.5em -8px;padding:4px 8px;border:1px solid #AAAAAA;background:#E0E7EA;border-left:0;border-right:0;font-family:Verdana, sans-serif;font-size:13pt;} .battle-log .chat {vertical-align:middle;padding:3px 0 3px 0;font-size:8pt;} .battle-log .chat strong {color:#40576A;} .battle-log .chat em {padding:1px 4px 1px 3px;color:#000000;font-style:normal;} .chat.mine {background:rgba(0,0,0,0.05);margin-left:-8px;margin-right:-8px;padding-left:8px;padding-right:8px;} .spoiler {color:#BBBBBB;background:#BBBBBB;padding:0px 3px;} .spoiler:hover, .spoiler:active, .spoiler-shown {color:#000000;background:#E2E2E2;padding:0px 3px;} .spoiler a {color:#BBBBBB;} .spoiler:hover a, .spoiler:active a, .spoiler-shown a {color:#2288CC;} .chat code, .chat .spoiler:hover code, .chat .spoiler:active code, .chat .spoiler-shown code {border:1px solid #C0C0C0;background:#EEEEEE;color:black;padding:0 2px;} .chat .spoiler code {border:1px solid #CCCCCC;background:#CCCCCC;color:#CCCCCC;} .battle-log .rated {padding:3px 4px;} .battle-log .rated strong {color:white;background:#89A;padding:1px 4px;border-radius:4px;} .spacer {margin-top:0.5em;} .message-announce {background:#6688AA;color:white;padding:1px 4px 2px;} .message-announce a, .broadcast-green a, .broadcast-blue a, .broadcast-red a {color:#DDEEFF;} .broadcast-green {background-color:#559955;color:white;padding:2px 4px;} .broadcast-blue {background-color:#6688AA;color:white;padding:2px 4px;} .infobox {border:1px solid #6688AA;padding:2px 4px;} .infobox-limited {max-height:200px;overflow:auto;overflow-x:hidden;} .broadcast-red {background-color:#AA5544;color:white;padding:2px 4px;} .message-learn-canlearn {font-weight:bold;color:#228822;text-decoration:underline;} .message-learn-cannotlearn {font-weight:bold;color:#CC2222;text-decoration:underline;} .message-effect-weak {font-weight:bold;color:#CC2222;} .message-effect-resist {font-weight:bold;color:#6688AA;} .message-effect-immune {font-weight:bold;color:#666666;} .message-learn-list {margin-top:0;margin-bottom:0;} .message-throttle-notice, .message-error {color:#992222;} .message-overflow, .chat small.message-overflow {font-size:0pt;} .message-overflow::before {font-size:9pt;content:'...';} .subtle {color:#3A4A66;}
</style>
<div class="wrapper replay-wrapper" style="max-width:1180px;margin:0 auto">
<input type="hidden" name="replayid" value="gen5randombattle-2039941536" />
<div class="battle"></div><div class="battle-log"></div><div class="replay-controls"></div><div class="replay-controls-2"></div>
<h1 style="font-weight:normal;text-align:center"><strong>[Gen 5] Random Battle</strong><br /><a href="http://pokemonshowdown.com/users/teresbahji" class="subtle" target="_blank">Teres bahji</a> vs. <a href="http://pokemonshowdown.com/users/peatsd" class="subtle" target="_blank">PeaTSD</a></h1>
<script type="text/plain" class="battle-log-data">|j|☆Teres bahji
|j|☆PeaTSD
|t:|1705781170
|gametype|singles
|player|p1|Teres bahji|#rbtt7teamrayquazaf|
|player|p2|PeaTSD|#rbtt7teamchiyu|
|teamsize|p1|6
|teamsize|p2|6
|gen|5
|tier|[Gen 5] Random Battle
|rated|Tournament battle
|rule|Sleep Clause Mod: Limit one foe put to sleep
|rule|HP Percentage Mod: HP is shown in percentages
|rule|Illusion Level Mod: Illusion disguises the Pokémon's true level
|
|t:|1705781170
|start
|switch|p1a: Jumpluff|Jumpluff, L88, F|275\/275
|switch|p2a: Excadrill|Excadrill, L80, F|307\/307
|-ability|p2a: Excadrill|Mold Breaker
|turn|1
|j|+Casual dot exe
|l|+Casual dot exe
|
|t:|1705781207
|move|p1a: Jumpluff|Substitute|p1a: Jumpluff
|-start|p1a: Jumpluff|Substitute
|-damage|p1a: Jumpluff|207\/275
|move|p2a: Excadrill|Iron Head|p1a: Jumpluff
|-end|p1a: Jumpluff|Substitute
|
|upkeep
|turn|2
|
|t:|1705781213
|move|p1a: Jumpluff|Leech Seed|p2a: Excadrill
|-start|p2a: Excadrill|move: Leech Seed
|move|p2a: Excadrill|Swords Dance|p2a: Excadrill
|-boost|p2a: Excadrill|atk|2
|
|-damage|p2a: Excadrill|269\/307|[from] Leech Seed|[of] p1a: Jumpluff
|-heal|p1a: Jumpluff|245\/275|[silent]
|upkeep
|turn|3
|
|t:|1705781225
|move|p1a: Jumpluff|Substitute|p1a: Jumpluff
|-start|p1a: Jumpluff|Substitute
|-damage|p1a: Jumpluff|177\/275
|move|p2a: Excadrill|Rapid Spin|p1a: Jumpluff
|-activate|p1a: Jumpluff|Substitute|[damage]
|-end|p2a: Excadrill|Leech Seed|[from] move: Rapid Spin|[of] p2a: Excadrill
|
|-heal|p2a: Excadrill|288\/307|[from] item: Leftovers
|upkeep
|turn|4
|
|t:|1705781234
|move|p1a: Jumpluff|Acrobatics|p2a: Excadrill
|-enditem|p1a: Jumpluff|Flying Gem|[from] gem
|-resisted|p2a: Excadrill
|-damage|p2a: Excadrill|204\/307
|move|p2a: Excadrill|Rapid Spin|p1a: Jumpluff
|-end|p1a: Jumpluff|Substitute
|
|-heal|p2a: Excadrill|223\/307|[from] item: Leftovers
|upkeep
|turn|5
|
|t:|1705781238
|move|p1a: Jumpluff|Acrobatics|p2a: Excadrill
|-resisted|p2a: Excadrill
|-damage|p2a: Excadrill|166\/307
|move|p2a: Excadrill|Iron Head|p1a: Jumpluff
|-damage|p1a: Jumpluff|0 fnt
|faint|p1a: Jumpluff
|
|-heal|p2a: Excadrill|185\/307|[from] item: Leftovers
|upkeep
|
|t:|1705781242
|switch|p1a: Leavanny|Leavanny, L90, F|281\/281
|turn|6
|
|t:|1705781248
|switch|p2a: Dustox|Dustox, L92, M|260\/260
|move|p1a: Leavanny|Leaf Blade|p2a: Dustox
|-resisted|p2a: Dustox
|-crit|p2a: Dustox
|-damage|p2a: Dustox|182\/260
|-damage|p1a: Leavanny|253\/281|[from] item: Life Orb
|
|-heal|p2a: Dustox|198\/260|[from] item: Black Sludge
|upkeep
|turn|7
|j|+Casual dot exe
|j|+Petros
|inactive|Battle timer is ON: inactive players will automatically lose when time's up. (requested by PeaTSD)
|c|+Casual dot exe|big
|
|t:|1705781286
|move|p1a: Leavanny|Swords Dance|p1a: Leavanny
|-boost|p1a: Leavanny|atk|2
|move|p2a: Dustox|Quiver Dance|p2a: Dustox
|-boost|p2a: Dustox|spa|1
|-boost|p2a: Dustox|spd|1
|-boost|p2a: Dustox|spe|1
|
|-heal|p2a: Dustox|214\/260|[from] item: Black Sludge
|upkeep
|turn|8
|c|+Petros|conspiracy theorist teres bogi
|
|t:|1705781299
|switch|p1a: Gigalith|Gigalith, L86, M|286\/286
|move|p2a: Dustox|Sludge Bomb|p1a: Gigalith
|-resisted|p1a: Gigalith
|-damage|p1a: Gigalith|227\/286
|
|-heal|p2a: Dustox|230\/260|[from] item: Black Sludge
|upkeep
|turn|9
|c|+Petros|himself
|c|☆PeaTSD|ayo
|c|☆PeaTSD|tf
|
|t:|1705781313
|switch|p2a: Groudon|Groudon, L74|270\/270
|-weather|SunnyDay|[from] ability: Drought|[of] p2a: Groudon
|move|p1a: Gigalith|Stone Edge|p2a: Groudon|[miss]
|-miss|p1a: Gigalith|p2a: Groudon
|
|-weather|SunnyDay|[upkeep]
|upkeep
|turn|10
|
|t:|1705781324
|switch|p1a: Feraligatr|Feraligatr, L84, F|280\/280
|move|p2a: Groudon|Rock Polish|p2a: Groudon
|-boost|p2a: Groudon|spe|2
|
|-weather|SunnyDay|[upkeep]
|upkeep
|turn|11
|
|t:|1705781330
|move|p2a: Groudon|Earthquake|p1a: Feraligatr
|-damage|p1a: Feraligatr|163\/280
|move|p1a: Feraligatr|Ice Punch|p2a: Groudon
|-supereffective|p2a: Groudon
|-damage|p2a: Groudon|145\/270
|-damage|p1a: Feraligatr|135\/280|[from] item: Life Orb
|
|-weather|SunnyDay|[upkeep]
|-heal|p2a: Groudon|161\/270|[from] item: Leftovers
|upkeep
|turn|12
|
|t:|1705781340
|move|p2a: Groudon|Swords Dance|p2a: Groudon
|-boost|p2a: Groudon|atk|2
|move|p1a: Feraligatr|Waterfall|p2a: Groudon
|-supereffective|p2a: Groudon
|-damage|p2a: Groudon|73\/270
|-damage|p1a: Feraligatr|107\/280|[from] item: Life Orb
|
|-weather|SunnyDay|[upkeep]
|-heal|p2a: Groudon|89\/270|[from] item: Leftovers
|upkeep
|turn|13
|c|☆PeaTSD|i cant believe i got teres of all ppl
|
|t:|1705781352
|move|p2a: Groudon|Earthquake|p1a: Feraligatr
|-damage|p1a: Feraligatr|0 fnt
|faint|p1a: Feraligatr
|
|-weather|SunnyDay|[upkeep]
|-heal|p2a: Groudon|105\/270|[from] item: Leftovers
|upkeep
|
|t:|1705781358
|switch|p1a: Leavanny|Leavanny, L90, F|253\/281
|turn|14
|
|t:|1705781364
|move|p2a: Groudon|Stone Edge|p1a: Leavanny
|-supereffective|p1a: Leavanny
|-damage|p1a: Leavanny|0 fnt
|faint|p1a: Leavanny
|
|-weather|SunnyDay|[upkeep]
|-heal|p2a: Groudon|121\/270|[from] item: Leftovers
|upkeep
|-message|Teres bahji forfeited.
|
|win|PeaTSD
|n|☆Teres bahji|teresbahji
|n|☆PeaTSD|peatsd
|n| Casual dot exe|casualdotexe
|n| Petros|petros
|l|☆Teres bahji
|player|p1|
|l| Petros
|c|☆PeaTSD|gg
</script>
</div>
<div class="battle-log battle-log-inline"><div class="inner"><div class="battle-options"></div><div class="inner message-log"><div class="chat"><small>☆Teres bahji and ☆PeaTSD joined</small></div><div class=""><small>Format:</small> <br><strong>[Gen 5] Random Battle</strong></div><div class="rated"><strong>Tournament battle</strong></div><div class=""><small><em>Sleep Clause Mod:</em> Limit one foe put to sleep</small></div><div class=""><small><em>HP Percentage Mod:</em> HP is shown in percentages</small></div><div class=""><small><em>Illusion Level Mod:</em> Illusion disguises the Pokémon's true level</small></div><div class="spacer battle-history"><br></div><div class="battle-history">Battle started between Teres bahji and PeaTSD!<br></div><div class="spacer battle-history"><br></div><div class="battle-history">Teres bahji sent out <strong>Jumpluff</strong>!<br></div><div class="spacer battle-history"><br></div><div class="battle-history">Go! <strong>Excadrill</strong>!<br></div><div class="battle-history">[Excadrill's Mold Breaker]<br><small>Excadrill breaks the mold!</small><br></div><div class="spacer battle-history"><br></div><h2 class="battle-history">Turn 1</h2><div class="chat"><small>+Casual dot exe joined; +Casual dot exe left</small></div><div class="spacer battle-history"><br></div><div class="battle-history">The opposing Jumpluff used <strong>Substitute</strong>!<br></div><div class="battle-history"><small>The opposing Jumpluff put in a substitute!</small><br></div><div class="battle-history"><small>(The opposing Jumpluff lost <abbr title="−68/275">24.7%</abbr> of its health!)</small><br></div><div class="spacer battle-history"><br></div><div class="battle-history">Excadrill used <strong>Iron Head</strong>!<br></div><div class="battle-history"><small>The opposing Jumpluff's substitute faded!</small><br></div><div class="spacer battle-history"><br></div><h2 class="battle-history">Turn 2</h2><div class="spacer battle-history"><br></div><div class="battle-history">The opposing Jumpluff used <strong>Leech Seed</strong>!<br></div><div class="battle-history"><small>Excadrill was seeded!</small><br></div><div class="spacer battle-history"><br></div><div class="battle-history">Excadrill used <strong>Swords Dance</strong>!<br></div><div class="battle-history"><small>Excadrill's Attack rose sharply!</small><br></div><div class="spacer battle-history"><br></div><div class="battle-history"><small>Excadrill's health is sapped by Leech Seed!</small><br></div><div class="spacer battle-history"><br></div><h2 class="battle-history">Turn 3</h2><div class="spacer battle-history"><br></div><div class="battle-history">The opposing Jumpluff used <strong>Substitute</strong>!<br></div><div class="battle-history"><small>The opposing Jumpluff put in a substitute!</small><br></div><div class="battle-history"><small>(The opposing Jumpluff lost <abbr title="−68/275">24.7%</abbr> of its health!)</small><br></div><div class="spacer battle-history"><br></div><div class="battle-history">Excadrill used <strong>Rapid Spin</strong>!<br></div><div class="battle-history"><small>The substitute took damage for the opposing Jumpluff!</small><br></div><div class="battle-history"><small>Excadrill was freed from Leech Seed!</small><br></div><div class="spacer battle-history"><br></div><div class="battle-history"><small>Excadrill restored a little HP using its Leftovers!</small><br></div><div class="spacer battle-history"><br></div><h2 class="battle-history">Turn 4</h2><div class="spacer battle-history"><br></div><div class="battle-history">The opposing Jumpluff used <strong>Acrobatics</strong>!<br></div><div class="battle-history"><small>The Flying Gem strengthened the opposing Jumpluff's power!</small><br></div><div class="battle-history"><small>It's not very effective...</small><br></div><div class="battle-history"><small>(Excadrill lost <abbr title="−84/307">27.4%</abbr> of its health!)</small><br></div><div class="spacer battle-history"><br></div><div class="battle-history">Excadrill used <strong>Rapid Spin</strong>!<br></div><div class="battle-history"><small>The opposing Jumpluff's substitute faded!</small><br></div><div class="spacer battle-history"><br></div><div class="battle-history"><small>Excadrill restored a little HP using its Leftovers!</small><br></div><div class="spacer battle-history"><br></div><h2 class="battle-history">Turn 5</h2><div class="spacer battle-history"><br></div><div class="battle-history">The opposing Jumpluff used <strong>Acrobatics</strong>!<br></div><div class="battle-history"><small>It's not very effective...</small><br></div><div class="battle-history"><small>(Excadrill lost <abbr title="−57/307">18.6%</abbr> of its health!)</small><br></div><div class="spacer battle-history"><br></div><div class="battle-history">Excadrill used <strong>Iron Head</strong>!<br></div><div class="battle-history"><small>(The opposing Jumpluff lost <abbr title="−177/275">64.4%</abbr> of its health!)</small><br></div><div class="spacer battle-history"><br></div><div class="battle-history">The opposing Jumpluff fainted!<br></div><div class="spacer battle-history"><br></div><div class="battle-history"><small>Excadrill restored a little HP using its Leftovers!</small><br></div><div class="spacer battle-history"><br></div><div class="battle-history">Teres bahji sent out <strong>Leavanny</strong>!<br></div><div class="spacer battle-history"><br></div><h2 class="battle-history">Turn 6</h2><div class="spacer battle-history"><br></div><div class="battle-history">Excadrill, come back!<br></div><div class="battle-history">Go! <strong>Dustox</strong>!<br></div><div class="spacer battle-history"><br></div><div class="battle-history">The opposing Leavanny used <strong>Leaf Blade</strong>!<br></div><div class="battle-history"><small>It's not very effective...</small><br></div><div class="battle-history"><small>A critical hit!</small><br></div><div class="battle-history"><small>(Dustox lost <abbr title="−78/260">30%</abbr> of its health!)</small><br></div><div class="battle-history"><small>The opposing Leavanny lost some of its HP!</small><br></div><div class="spacer battle-history"><br></div><div class="battle-history"><small>Dustox restored a little HP using its Black Sludge!</small><br></div><div class="spacer battle-history"><br></div><h2 class="battle-history">Turn 7</h2><div class="chat"><small>+Casual dot exe and +Petros joined</small></div><div class="chat message-error">Battle timer is ON: inactive players will automatically lose when time's up. (requested by PeaTSD)</div><div class="chat chatmessage-casualdotexe"><strong style="color:#0c7ad4"><small>+</small><span class="username" data-name="Casual dot exe">Casual dot exe</span>:</strong> <em>big</em></div><div class="spacer battle-history"><br></div><div class="battle-history">The opposing Leavanny used <strong>Swords Dance</strong>!<br></div><div class="battle-history"><small>The opposing Leavanny's Attack rose sharply!</small><br></div><div class="spacer battle-history"><br></div><div class="battle-history">Dustox used <strong>Quiver Dance</strong>!<br></div><div class="battle-history"><small>Dustox's Sp. Atk rose!</small><br></div><div class="battle-history"><small>Dustox's Sp. Def rose!</small><br></div><div class="battle-history"><small>Dustox's Speed rose!</small><br></div><div class="spacer battle-history"><br></div><div class="battle-history"><small>Dustox restored a little HP using its Black Sludge!</small><br></div><div class="spacer battle-history"><br></div><h2 class="battle-history">Turn 8</h2><div class="chat chatmessage-petros"><strong style="color:#b34955"><small>+</small><span class="username" data-name="Petros">Petros</span>:</strong> <em>conspiracy theorist teres bogi</em></div><div class="spacer battle-history"><br></div><div class="battle-history">Teres bahji withdrew Leavanny!<br></div><div class="battle-history">Teres bahji sent out <strong>Gigalith</strong>!<br></div><div class="spacer battle-history"><br></div><div class="battle-history">Dustox used <strong>Sludge Bomb</strong>!<br></div><div class="battle-history"><small>It's not very effective...</small><br></div><div class="battle-history"><small>(The opposing Gigalith lost <abbr title="−59/286">20.6%</abbr> of its health!)</small><br></div><div class="spacer battle-history"><br></div><div class="battle-history"><small>Dustox restored a little HP using its Black Sludge!</small><br></div><div class="spacer battle-history"><br></div><h2 class="battle-history">Turn 9</h2><div class="chat chatmessage-petros"><strong style="color:#b34955"><small>+</small><span class="username" data-name="Petros">Petros</span>:</strong> <em>himself</em></div><div class="chat chatmessage-peatsd"><strong style="color:#109b51"><small>☆</small><span class="username" data-name="PeaTSD">PeaTSD</span>:</strong> <em>ayo</em></div><div class="chat chatmessage-peatsd"><strong style="color:#109b51"><small>☆</small><span class="username" data-name="PeaTSD">PeaTSD</span>:</strong> <em>tf</em></div><div class="spacer battle-history"><br></div><div class="battle-history">Dustox, come back!<br></div><div class="battle-history">Go! <strong>Groudon</strong>!<br></div><div class="battle-history">[Groudon's Drought]<br><small>The sunlight turned harsh!</small><br></div><div class="spacer battle-history"><br></div><div class="battle-history">The opposing Gigalith used <strong>Stone Edge</strong>!<br></div><div class="battle-history"><small>Groudon avoided the attack!</small><br></div><div class="spacer battle-history"><br></div><div class="battle-history"><small>(The sunlight is strong.)</small><br></div><div class="spacer battle-history"><br></div><h2 class="battle-history">Turn 10</h2><div class="spacer battle-history"><br></div><div class="battle-history">Teres bahji withdrew Gigalith!<br></div><div class="battle-history">Teres bahji sent out <strong>Feraligatr</strong>!<br></div><div class="spacer battle-history"><br></div><div class="battle-history">Groudon used <strong>Rock Polish</strong>!<br></div><div class="battle-history"><small>Groudon's Speed rose sharply!</small><br></div><div class="spacer battle-history"><br></div><div class="battle-history"><small>(The sunlight is strong.)</small><br></div><div class="spacer battle-history"><br></div><h2 class="battle-history">Turn 11</h2><div class="spacer battle-history"><br></div><div class="battle-history">Groudon used <strong>Earthquake</strong>!<br></div><div class="battle-history"><small>(The opposing Feraligatr lost <abbr title="−117/280">41.8%</abbr> of its health!)</small><br></div><div class="spacer battle-history"><br></div><div class="battle-history">The opposing Feraligatr used <strong>Ice Punch</strong>!<br></div><div class="battle-history"><small>It's super effective!</small><br></div><div class="battle-history"><small>(Groudon lost <abbr title="−125/270">46.3%</abbr> of its health!)</small><br></div><div class="battle-history"><small>The opposing Feraligatr lost some of its HP!</small><br></div><div class="spacer battle-history"><br></div><div class="battle-history"><small>(The sunlight is strong.)</small><br></div><div class="battle-history"><small>Groudon restored a little HP using its Leftovers!</small><br></div><div class="spacer battle-history"><br></div><h2 class="battle-history">Turn 12</h2><div class="spacer battle-history"><br></div><div class="battle-history">Groudon used <strong>Swords Dance</strong>!<br></div><div class="battle-history"><small>Groudon's Attack rose sharply!</small><br></div><div class="spacer battle-history"><br></div><div class="battle-history">The opposing Feraligatr used <strong>Waterfall</strong>!<br></div><div class="battle-history"><small>It's super effective!</small><br></div><div class="battle-history"><small>(Groudon lost <abbr title="−88/270">32.6%</abbr> of its health!)</small><br></div><div class="battle-history"><small>The opposing Feraligatr lost some of its HP!</small><br></div><div class="spacer battle-history"><br></div><div class="battle-history"><small>(The sunlight is strong.)</small><br></div><div class="battle-history"><small>Groudon restored a little HP using its Leftovers!</small><br></div><div class="spacer battle-history"><br></div><h2 class="battle-history">Turn 13</h2><div class="chat chatmessage-peatsd"><strong style="color:#109b51"><small>☆</small><span class="username" data-name="PeaTSD">PeaTSD</span>:</strong> <em>i cant believe i got teres of all ppl</em></div><div class="spacer battle-history"><br></div><div class="battle-history">Groudon used <strong>Earthquake</strong>!<br></div><div class="battle-history"><small>(The opposing Feraligatr lost <abbr title="−107/280">38.2%</abbr> of its health!)</small><br></div><div class="spacer battle-history"><br></div><div class="battle-history">The opposing Feraligatr fainted!<br></div><div class="spacer battle-history"><br></div><div class="battle-history"><small>(The sunlight is strong.)</small><br></div><div class="battle-history"><small>Groudon restored a little HP using its Leftovers!</small><br></div><div class="spacer battle-history"><br></div><div class="battle-history">Teres bahji sent out <strong>Leavanny</strong>!<br></div><div class="spacer battle-history"><br></div><h2 class="battle-history">Turn 14</h2><div class="spacer battle-history"><br></div><div class="battle-history">Groudon used <strong>Stone Edge</strong>!<br></div><div class="battle-history"><small>It's super effective!</small><br></div><div class="battle-history"><small>(The opposing Leavanny lost <abbr title="−253/281">90.0%</abbr> of its health!)</small><br></div><div class="spacer battle-history"><br></div><div class="battle-history">The opposing Leavanny fainted!<br></div><div class="spacer battle-history"><br></div><div class="battle-history"><small>(The sunlight is strong.)</small><br></div><div class="battle-history"><small>Groudon restored a little HP using its Leftovers!</small><br></div><div class="spacer battle-history"><br></div><div class="battle-history"><small>Teres bahji forfeited.</small><br></div><div class="spacer battle-history"><br></div><div class="battle-history"><strong>PeaTSD</strong> won the battle!<br></div><div class="chat"><small>☆Teres bahji left</small></div><div class="chat"><small> Petros left</small></div><div class="chat chatmessage-peatsd"><strong style="color:#109b51"><small>☆</small><span class="username" data-name="PeaTSD">PeaTSD</span>:</strong> <em>gg</em></div></div><div class="inner-preempt message-log"></div></div></div>
</div>
<script>
let daily = Math.floor(Date.now()/1000/60/60/24);document.write('<script src="https://play.pokemonshowdown.com/js/replay-embed.js?version'+daily+'"></'+'script>');
</script>
