<!DOCTYPE html>
<meta charset="utf-8" />
<!-- version 1 -->
<title>[Gen 7] Random Battle replay: Risbo vs. expecting hax</title>
<style>
html,body {font-family:Verdana, sans-serif;font-size:10pt;margin:0;padding:0;}body{padding:12px 0;} .battle-log {font-family:Verdana, sans-serif;font-size:10pt;} .battle-log-inline {border:1px solid #AAAAAA;background:#EEF2F5;color:black;max-width:640px;margin:0 auto 80px;padding-bottom:5px;} .battle-log .inner {padding:4px 8px 0px 8px;} .battle-log .inner-preempt {padding:0 8px 4px 8px;} .battle-log .inner-after {margin-top:0.5em;} .battle-log h2 {margin:0.5em -8px;padding:4px 8px;border:1px solid #AAAAAA;background:#E0E7EA;border-left:0;border-right:0;font-family:Verdana, sans-serif;font-size:13pt;} .battle-log .chat {vertical-align:middle;padding:3px 0 3px 0;font-size:8pt;} .battle-log .chat strong {color:#40576A;} .battle-log .chat em {padding:1px 4px 1px 3px;color:#000000;font-style:normal;} .chat.mine {background:rgba(0,0,0,0.05);margin-left:-8px;margin-right:-8px;padding-left:8px;padding-right:8px;} .spoiler {color:#BBBBBB;background:#BBBBBB;padding:0px 3px;} .spoiler:hover, .spoiler:active, .spoiler-shown {color:#000000;background:#E2E2E2;padding:0px 3px;} .spoiler a {color:#BBBBBB;} .spoiler:hover a, .spoiler:active a, .spoiler-shown a {color:#2288CC;} .chat code, .chat .spoiler:hover code, .chat .spoiler:active code, .chat .spoiler-shown code {border:1px solid #C0C0C0;background:#EEEEEE;color:black;padding:0 2px;} .chat .spoiler code {border:1px solid #CCCCCC;background:#CCCCCC;color:#CCCCCC;} .battle-log .rated {padding:3px 4px;} .battle-log .rated strong {color:white;background:#89A;padding:1px 4px;border-radius:4px;} .spacer {margin-top:0.5em;} .message-announce {background:#6688AA;color:white;padding:1px 4px 2px;} .message-announce a, .broadcast-green a, .broadcast-blue a, .broadcast-red a {color:#DDEEFF;} .broadcast-green {background-color:#559955;color:white;padding:2px 4px;} .broadcast-blue {background-color:#6688AA;color:white;padding:2px 4px;} .infobox {border:1px solid #6688AA;padding:2px 4px;} .infobox-limited {max-height:200px;overflow:auto;overflow-x:hidden;} .broadcast-red {background-color:#AA5544;color:white;padding:2px 4px;} .message-learn-canlearn {font-weight:bold;color:#228822;text-decoration:underline;} .message-learn-cannotlearn {font-weight:bold;color:#CC2222;text-decoration:underline;} .message-effect-weak {font-weight:bold;color:#CC2222;} .message-effect-resist {font-weight:bold;color:#6688AA;} .message-effect-immune {font-weight:bold;color:#666666;} .message-learn-list {margin-top:0;margin-bottom:0;} .message-throttle-notice, .message-error {color:#992222;} .message-overflow, .chat small.message-overflow {font-size:0pt;} .message-overflow::before {font-size:9pt;content:'...';} .subtle {color:#3A4A66;}
</style>
<div class="wrapper replay-wrapper" style="max-width:1180px;margin:0 auto">
<input type="hidden" name="replayid" value="gen7randombattle-881122249" />
<div class="battle"></div><div class="battle-log"></div><div class="replay-controls"></div><div class="replay-controls-2"></div>
<h1 style="font-weight:normal;text-align:center"><strong>[Gen 7] Random Battle</strong><br /><a href="http://pokemonshowdown.com/users/risbo" class="subtle" target="_blank">Risbo</a> vs. <a href="http://pokemonshowdown.com/users/expectinghax" class="subtle" target="_blank">expecting hax</a></h1>
<script type="text/plain" class="battle-log-data">|j|☆Risbo
|j|‽expecting hax
|player|p1|Risbo|red-gen1
|player|p2|expecting hax|33
|teamsize|p1|6
|teamsize|p2|6
|gametype|singles
|gen|7
|tier|[Gen 7] Random Battle
|rated|
|rule|Sleep Clause Mod: Limit one foe put to sleep
|rule|HP Percentage Mod: HP is shown in percentages
|
|start
|switch|p1a: Incineroar|Incineroar, L81, M|287\/287
|switch|p2a: Rayquaza|Rayquaza, L73|274\/274
|-ability|p2a: Rayquaza|Air Lock
|-ability|p1a: Incineroar|Intimidate|boost
|-unboost|p2a: Rayquaza|atk|1
|turn|1
|
|switch|p2a: Carracosta|Carracosta, L83, M|259\/259
|move|p1a: Incineroar|Fake Out|p2a: Carracosta
|-resisted|p2a: Carracosta
|-damage|p2a: Carracosta|248\/259
|
|upkeep
|turn|2
|inactive|Battle timer is ON: inactive players will automatically lose when time's up. (requested by expecting hax)
|
|move|p1a: Incineroar|U-turn|p2a: Carracosta
|-damage|p2a: Carracosta|211\/259
|
|switch|p1a: Lilligant|Lilligant, L83, F|252\/252|[from]move: U-turn
|move|p2a: Carracosta|Stealth Rock|p1a: Lilligant
|-sidestart|p1: Risbo|move: Stealth Rock
|
|upkeep
|turn|3
|
|switch|p2a: Exeggutor|Exeggutor-Alola, L82, M|290\/290
|move|p1a: Lilligant|Quiver Dance|p1a: Lilligant
|-boost|p1a: Lilligant|spa|1
|-boost|p1a: Lilligant|spd|1
|-boost|p1a: Lilligant|spe|1
|
|upkeep
|turn|4
|
|switch|p1a: Tentacruel|Tentacruel, L77, M|250\/250
|-damage|p1a: Tentacruel|219\/250|[from] Stealth Rock
|move|p2a: Exeggutor|Dragon Hammer|p1a: Tentacruel
|-damage|p1a: Tentacruel|83\/250
|
|upkeep
|turn|5
|
|move|p1a: Tentacruel|Toxic Spikes|p2a: Exeggutor
|-sidestart|p2: expecting hax|move: Toxic Spikes
|move|p2a: Exeggutor|Dragon Hammer|p1a: Tentacruel
|-crit|p1a: Tentacruel
|-damage|p1a: Tentacruel|0 fnt
|faint|p1a: Tentacruel
|
|upkeep
|
|switch|p1a: Machamp|Machamp, L79, M|272\/272
|-damage|p1a: Machamp|255\/272|[from] Stealth Rock
|turn|6
|
|switch|p2a: Azumarill|Azumarill, L76, F|277\/277
|-status|p2a: Azumarill|psn
|move|p1a: Machamp|Knock Off|p2a: Azumarill
|-resisted|p2a: Azumarill
|-damage|p2a: Azumarill|249\/277 psn
|
|-heal|p1a: Machamp|272\/272|[from] item: Leftovers
|-damage|p2a: Azumarill|215\/277 psn|[from] psn
|upkeep
|turn|7
|
|switch|p1a: Torkoal|Torkoal, L84, F|255\/255
|-damage|p1a: Torkoal|192\/255|[from] Stealth Rock
|-weather|SunnyDay|[from] ability: Drought|[of] p1a: Torkoal
|-zpower|p2a: Azumarill
|move|p2a: Azumarill|Z-Belly Drum|p2a: Azumarill|[anim]Belly Drum
|-heal|p2a: Azumarill|277\/277 psn|[zeffect]
|-damage|p2a: Azumarill|139\/277 psn
|-setboost|p2a: Azumarill|atk|6|[from] move: Belly Drum
|
|-weather|SunnyDay|[upkeep]
|-damage|p2a: Azumarill|105\/277 psn|[from] psn
|upkeep
|turn|8
|
|switch|p1a: Lilligant|Lilligant, L83, F|252\/252
|-damage|p1a: Lilligant|221\/252|[from] Stealth Rock
|move|p2a: Azumarill|Liquidation|p1a: Lilligant
|-resisted|p1a: Lilligant
|-damage|p1a: Lilligant|109\/252
|
|-weather|SunnyDay|[upkeep]
|-heal|p1a: Lilligant|124\/252|[from] item: Leftovers
|-damage|p2a: Azumarill|71\/277 psn|[from] psn
|upkeep
|turn|9
|
|switch|p2a: Exeggutor|Exeggutor-Alola, L82, M|290\/290
|-status|p2a: Exeggutor|psn
|move|p1a: Lilligant|Hidden Power|p2a: Exeggutor
|-damage|p2a: Exeggutor|234\/290 psn
|
|-weather|SunnyDay|[upkeep]
|-heal|p1a: Lilligant|139\/252|[from] item: Leftovers
|-damage|p2a: Exeggutor|198\/290 psn|[from] psn
|upkeep
|turn|10
|
|switch|p1a: Machamp|Machamp, L79, M|272\/272
|-damage|p1a: Machamp|255\/272|[from] Stealth Rock
|move|p2a: Exeggutor|Draco Meteor|p1a: Machamp
|-damage|p1a: Machamp|83\/272
|-unboost|p2a: Exeggutor|spa|2
|
|-weather|SunnyDay|[upkeep]
|-heal|p1a: Machamp|100\/272|[from] item: Leftovers
|-damage|p2a: Exeggutor|162\/290 psn|[from] psn
|upkeep
|turn|11
|
|switch|p2a: Tornadus|Tornadus-Therian, L75, M|242\/242
|move|p1a: Machamp|Knock Off|p2a: Tornadus
|-damage|p2a: Tornadus|152\/242
|-enditem|p2a: Tornadus|Life Orb|[from] move: Knock Off|[of] p1a: Machamp
|
|-weather|none
|-heal|p1a: Machamp|117\/272|[from] item: Leftovers
|upkeep
|turn|12
|
|move|p2a: Tornadus|Hurricane|p1a: Machamp
|-supereffective|p1a: Machamp
|-damage|p1a: Machamp|0 fnt
|faint|p1a: Machamp
|
|upkeep
|
|switch|p1a: Torkoal|Torkoal, L84, F|192\/255
|-damage|p1a: Torkoal|129\/255|[from] Stealth Rock
|-weather|SunnyDay|[from] ability: Drought|[of] p1a: Torkoal
|turn|13
|
|move|p2a: Tornadus|Taunt|p1a: Torkoal
|-start|p1a: Torkoal|move: Taunt
|cant|p1a: Torkoal|move: Taunt|Shell Smash
|
|-weather|SunnyDay|[upkeep]
|upkeep
|turn|14
|
|move|p2a: Tornadus|U-turn|p1a: Torkoal
|-resisted|p1a: Torkoal
|-damage|p1a: Torkoal|113\/255
|
|switch|p2a: Carracosta|Carracosta, L83, M|211\/259|[from]move: U-turn
|-status|p2a: Carracosta|psn
|move|p1a: Torkoal|Fire Blast|p2a: Carracosta
|-resisted|p2a: Carracosta
|-damage|p2a: Carracosta|165\/259 psn
|
|-weather|SunnyDay|[upkeep]
|-damage|p2a: Carracosta|133\/259 psn|[from] psn
|upkeep
|turn|15
|
|move|p2a: Carracosta|Earthquake|p1a: Torkoal
|-supereffective|p1a: Torkoal
|-damage|p1a: Torkoal|0 fnt
|-damage|p2a: Carracosta|108\/259 psn|[from] item: Life Orb
|faint|p1a: Torkoal
|
|-weather|SunnyDay|[upkeep]
|-damage|p2a: Carracosta|76\/259 psn|[from] psn
|upkeep
|
|switch|p1a: Barbaracle|Barbaracle, L80, M|246\/246
|-damage|p1a: Barbaracle|216\/246|[from] Stealth Rock
|turn|16
|
|move|p1a: Barbaracle|Shell Smash|p1a: Barbaracle
|-unboost|p1a: Barbaracle|def|1
|-unboost|p1a: Barbaracle|spd|1
|-boost|p1a: Barbaracle|atk|2
|-boost|p1a: Barbaracle|spa|2
|-boost|p1a: Barbaracle|spe|2
|-enditem|p1a: Barbaracle|White Herb
|-clearnegativeboost|p1a: Barbaracle|[silent]
|move|p2a: Carracosta|Earthquake|p1a: Barbaracle
|-supereffective|p1a: Barbaracle
|-damage|p1a: Barbaracle|57\/246
|-damage|p2a: Carracosta|51\/259 psn|[from] item: Life Orb
|
|-weather|SunnyDay|[upkeep]
|-damage|p2a: Carracosta|19\/259 psn|[from] psn
|upkeep
|turn|17
|
|switch|p2a: Azumarill|Azumarill, L76, F|71\/277 psn
|move|p1a: Barbaracle|Liquidation|p2a: Azumarill
|-resisted|p2a: Azumarill
|-damage|p2a: Azumarill|0 fnt
|faint|p2a: Azumarill
|
|-weather|none
|upkeep
|
|switch|p2a: Carracosta|Carracosta, L83, M|19\/259 psn
|turn|18
|
|move|p2a: Carracosta|Aqua Jet|p1a: Barbaracle
|-damage|p1a: Barbaracle|6\/246
|-damage|p2a: Carracosta|0 fnt|[from] item: Life Orb
|faint|p2a: Carracosta
|move|p1a: Barbaracle|Liquidation|p2: Carracosta|[notarget]
|-fail|p1a: Barbaracle
|
|upkeep
|
|switch|p2a: Rayquaza|Rayquaza, L73|274\/274
|-ability|p2a: Rayquaza|Air Lock
|turn|19
|
|move|p2a: Rayquaza|Extreme Speed|p1a: Barbaracle
|-resisted|p1a: Barbaracle
|-damage|p1a: Barbaracle|0 fnt
|faint|p1a: Barbaracle
|
|upkeep
|
|switch|p1a: Lilligant|Lilligant, L83, F|139\/252
|-damage|p1a: Lilligant|108\/252|[from] Stealth Rock
|turn|20
|
|switch|p2a: Exeggutor|Exeggutor-Alola, L82, M|162\/290 psn
|move|p1a: Lilligant|Sleep Powder|p2a: Exeggutor
|-immune|p2a: Exeggutor
|
|-heal|p1a: Lilligant|123\/252|[from] item: Leftovers
|-damage|p2a: Exeggutor|126\/290 psn|[from] psn
|upkeep
|-enditem|p2a: Exeggutor|Sitrus Berry|[eat]
|-heal|p2a: Exeggutor|198\/290 psn|[from] item: Sitrus Berry
|turn|21
|
|switch|p1a: Incineroar|Incineroar, L81, M|287\/287
|-damage|p1a: Incineroar|216\/287|[from] Stealth Rock
|-ability|p1a: Incineroar|Intimidate|boost
|-unboost|p2a: Exeggutor|atk|1
|move|p2a: Exeggutor|Dragon Hammer|p1a: Incineroar
|-damage|p1a: Incineroar|144\/287
|
|-damage|p2a: Exeggutor|162\/290 psn|[from] psn
|upkeep
|turn|22
|
|switch|p2a: Tornadus|Tornadus-Therian, L75, M|232\/242
|move|p1a: Incineroar|U-turn|p2a: Tornadus
|-resisted|p2a: Tornadus
|-damage|p2a: Tornadus|200\/242
|
|switch|p1a: Lilligant|Lilligant, L83, F|123\/252|[from]move: U-turn
|-damage|p1a: Lilligant|92\/252|[from] Stealth Rock
|
|-heal|p1a: Lilligant|107\/252|[from] item: Leftovers
|upkeep
|turn|23
|
|move|p2a: Tornadus|U-turn|p1a: Lilligant
|-supereffective|p1a: Lilligant
|-damage|p1a: Lilligant|11\/252
|
|switch|p2a: Exeggutor|Exeggutor-Alola, L82, M|162\/290 psn|[from]move: U-turn
|move|p1a: Lilligant|Quiver Dance|p1a: Lilligant
|-boost|p1a: Lilligant|spa|1
|-boost|p1a: Lilligant|spd|1
|-boost|p1a: Lilligant|spe|1
|
|-heal|p1a: Lilligant|26\/252|[from] item: Leftovers
|-damage|p2a: Exeggutor|126\/290 psn|[from] psn
|upkeep
|turn|24
|
|move|p1a: Lilligant|Hidden Power|p2a: Exeggutor
|-damage|p2a: Exeggutor|43\/290 psn
|move|p2a: Exeggutor|Dragon Hammer|p1a: Lilligant
|-damage|p1a: Lilligant|0 fnt
|faint|p1a: Lilligant
|
|-damage|p2a: Exeggutor|7\/290 psn|[from] psn
|upkeep
|-message|Risbo forfeited.
|
|win|expecting hax
|l|☆Risbo
|raw|Risbo's rating: 2405 &rarr; <strong>2385<\/strong><br \/>(-20 for losing)
|raw|expecting hax's rating: 2412 &rarr; <strong>2432<\/strong><br \/>(+20 for winning)
</script>
</div>
<div class="battle-log battle-log-inline"><div class="inner"><div class="battle-options"></div><div class="inner message-log"><div class="chat"><small>☆Risbo and ‽expecting hax joined</small></div><div class=""><small>Format:</small> <br><strong>[Gen 7] Random Battle</strong></div><div class="rated"><strong>Rated battle</strong></div><div class=""><small><em>Sleep Clause Mod:</em> Limit one foe put to sleep</small></div><div class=""><small><em>HP Percentage Mod:</em> HP is shown in percentages</small></div><div class="spacer battle-history"><br></div><div class="battle-history">Battle started between Risbo and expecting hax!<br></div><div class="spacer battle-history"><br></div><div class="battle-history">Go! <strong>Incineroar</strong>!<br></div><div class="spacer battle-history"><br></div><div class="battle-history">expecting hax sent out <strong>Rayquaza</strong>!<br></div><div class="battle-history">[The opposing Rayquaza's Air Lock]<br><small>The effects of the weather disappeared.</small><br></div><div class="battle-history">[Incineroar's Intimidate]<br></div><div class="battle-history"><small>The opposing Rayquaza's Attack fell!</small><br></div><div class="spacer battle-history"><br></div><h2 class="battle-history">Turn 1</h2><div class="spacer battle-history"><br></div><div class="battle-history">expecting hax withdrew Rayquaza!<br></div><div class="battle-history">expecting hax sent out <strong>Carracosta</strong>!<br></div><div class="spacer battle-history"><br></div><div class="battle-history">Incineroar used <strong>Fake Out</strong>!<br></div><div class="battle-history"><small>It's not very effective...</small><br></div><div class="battle-history"><small>(The opposing Carracosta lost <abbr title="−11/259">4.2%</abbr> of its health!)</small><br></div><div class="spacer battle-history"><br></div><h2 class="battle-history">Turn 2</h2><div class="chat message-error">Battle timer is ON: inactive players will automatically lose when time's up. (requested by expecting hax)</div><div class="spacer battle-history"><br></div><div class="battle-history">Incineroar used <strong>U-turn</strong>!<br></div><div class="battle-history"><small>(The opposing Carracosta lost <abbr title="−37/259">14.3%</abbr> of its health!)</small><br></div><div class="spacer battle-history"><br></div><div class="battle-history">Incineroar went back to Risbo!<br></div><div class="battle-history">Go! <strong>Lilligant</strong>!<br></div><div class="spacer battle-history"><br></div><div class="battle-history">The opposing Carracosta used <strong>Stealth Rock</strong>!<br></div><div class="battle-history"><small>Pointed stones float in the air around your team!</small><br></div><div class="spacer battle-history"><br></div><h2 class="battle-history">Turn 3</h2><div class="spacer battle-history"><br></div><div class="battle-history">expecting hax withdrew Carracosta!<br></div><div class="battle-history">expecting hax sent out Exeggutor (<strong>Exeggutor-Alola</strong>)!<br></div><div class="spacer battle-history"><br></div><div class="battle-history">Lilligant used <strong>Quiver Dance</strong>!<br></div><div class="battle-history"><small>Lilligant's Sp. Atk rose!</small><br></div><div class="battle-history"><small>Lilligant's Sp. Def rose!</small><br></div><div class="battle-history"><small>Lilligant's Speed rose!</small><br></div><div class="spacer battle-history"><br></div><h2 class="battle-history">Turn 4</h2><div class="spacer battle-history"><br></div><div class="battle-history">Lilligant, come back!<br></div><div class="battle-history">Go! <strong>Tentacruel</strong>!<br></div><div class="battle-history"><small>Pointed stones dug into Tentacruel!</small><br></div><div class="spacer battle-history"><br></div><div class="battle-history">The opposing Exeggutor used <strong>Dragon Hammer</strong>!<br></div><div class="battle-history"><small>(Tentacruel lost <abbr title="−136/250">54.4%</abbr> of its health!)</small><br></div><div class="spacer battle-history"><br></div><h2 class="battle-history">Turn 5</h2><div class="spacer battle-history"><br></div><div class="battle-history">Tentacruel used <strong>Toxic Spikes</strong>!<br></div><div class="battle-history"><small>Poison spikes were scattered on the ground all around the opposing team!</small><br></div><div class="spacer battle-history"><br></div><div class="battle-history">The opposing Exeggutor used <strong>Dragon Hammer</strong>!<br></div><div class="battle-history"><small>A critical hit!</small><br></div><div class="battle-history"><small>(Tentacruel lost <abbr title="−83/250">33.2%</abbr> of its health!)</small><br></div><div class="spacer battle-history"><br></div><div class="battle-history">Tentacruel fainted!<br></div><div class="spacer battle-history"><br></div><div class="battle-history">Go! <strong>Machamp</strong>!<br></div><div class="battle-history"><small>Pointed stones dug into Machamp!</small><br></div><div class="spacer battle-history"><br></div><h2 class="battle-history">Turn 6</h2><div class="spacer battle-history"><br></div><div class="battle-history">expecting hax withdrew Exeggutor!<br></div><div class="battle-history">expecting hax sent out <strong>Azumarill</strong>!<br></div><div class="battle-history"><small>The opposing Azumarill was poisoned!</small><br></div><div class="spacer battle-history"><br></div><div class="battle-history">Machamp used <strong>Knock Off</strong>!<br></div><div class="battle-history"><small>It's not very effective...</small><br></div><div class="battle-history"><small>(The opposing Azumarill lost <abbr title="−28/277">10.1%</abbr> of its health!)</small><br></div><div class="spacer battle-history"><br></div><div class="battle-history"><small>Machamp restored a little HP using its Leftovers!</small><br></div><div class="battle-history"><small>The opposing Azumarill was hurt by poison!</small><br></div><div class="spacer battle-history"><br></div><h2 class="battle-history">Turn 7</h2><div class="spacer battle-history"><br></div><div class="battle-history">Machamp, come back!<br></div><div class="battle-history">Go! <strong>Torkoal</strong>!<br></div><div class="battle-history"><small>Pointed stones dug into Torkoal!</small><br></div><div class="battle-history">[Torkoal's Drought]<br><small>The sunlight turned harsh!</small><br></div><div class="battle-history"><small>The opposing Azumarill surrounded itself with its Z-Power!</small><br></div><div class="spacer battle-history"><br></div><div class="battle-history">The opposing Azumarill used <strong>Z-Belly Drum</strong>!<br></div><div class="battle-history"><small>The opposing Azumarill had its HP restored.</small><br></div><div class="battle-history"><small>(The opposing Azumarill lost <abbr title="−138/277">49.8%</abbr> of its health!)</small><br></div><div class="battle-history"><small>The opposing Azumarill cut its own HP and maximized its Attack!</small><br></div><div class="spacer battle-history"><br></div><div class="battle-history"><small>(The sunlight is strong.)</small><br></div><div class="battle-history"><small>The opposing Azumarill was hurt by poison!</small><br></div><div class="spacer battle-history"><br></div><h2 class="battle-history">Turn 8</h2><div class="spacer battle-history"><br></div><div class="battle-history">Torkoal, come back!<br></div><div class="battle-history">Go! <strong>Lilligant</strong>!<br></div><div class="battle-history"><small>Pointed stones dug into Lilligant!</small><br></div><div class="spacer battle-history"><br></div><div class="battle-history">The opposing Azumarill used <strong>Liquidation</strong>!<br></div><div class="battle-history"><small>It's not very effective...</small><br></div><div class="battle-history"><small>(Lilligant lost <abbr title="−112/252">44.4%</abbr> of its health!)</small><br></div><div class="spacer battle-history"><br></div><div class="battle-history"><small>(The sunlight is strong.)</small><br></div><div class="battle-history"><small>Lilligant restored a little HP using its Leftovers!</small><br></div><div class="battle-history"><small>The opposing Azumarill was hurt by poison!</small><br></div><div class="spacer battle-history"><br></div><h2 class="battle-history">Turn 9</h2><div class="spacer battle-history"><br></div><div class="battle-history">expecting hax withdrew Azumarill!<br></div><div class="battle-history">expecting hax sent out Exeggutor (<strong>Exeggutor-Alola</strong>)!<br></div><div class="battle-history"><small>The opposing Exeggutor was poisoned!</small><br></div><div class="spacer battle-history"><br></div><div class="battle-history">Lilligant used <strong>Hidden Power</strong>!<br></div><div class="battle-history"><small>(The opposing Exeggutor lost <abbr title="−56/290">19.3%</abbr> of its health!)</small><br></div><div class="spacer battle-history"><br></div><div class="battle-history"><small>(The sunlight is strong.)</small><br></div><div class="battle-history"><small>Lilligant restored a little HP using its Leftovers!</small><br></div><div class="battle-history"><small>The opposing Exeggutor was hurt by poison!</small><br></div><div class="spacer battle-history"><br></div><h2 class="battle-history">Turn 10</h2><div class="spacer battle-history"><br></div><div class="battle-history">Lilligant, come back!<br></div><div class="battle-history">Go! <strong>Machamp</strong>!<br></div><div class="battle-history"><small>Pointed stones dug into Machamp!</small><br></div><div class="spacer battle-history"><br></div><div class="battle-history">The opposing Exeggutor used <strong>Draco Meteor</strong>!<br></div><div class="battle-history"><small>(Machamp lost <abbr title="−172/272">63.2%</abbr> of its health!)</small><br></div><div class="battle-history"><small>The opposing Exeggutor's Sp. Atk fell harshly!</small><br></div><div class="spacer battle-history"><br></div><div class="battle-history"><small>(The sunlight is strong.)</small><br></div><div class="battle-history"><small>Machamp restored a little HP using its Leftovers!</small><br></div><div class="battle-history"><small>The opposing Exeggutor was hurt by poison!</small><br></div><div class="spacer battle-history"><br></div><h2 class="battle-history">Turn 11</h2><div class="spacer battle-history"><br></div><div class="battle-history">expecting hax withdrew Exeggutor!<br></div><div class="battle-history">expecting hax sent out Tornadus (<strong>Tornadus-Therian</strong>)!<br></div><div class="spacer battle-history"><br></div><div class="battle-history">Machamp used <strong>Knock Off</strong>!<br></div><div class="battle-history"><small>(The opposing Tornadus lost <abbr title="−90/242">37.2%</abbr> of its health!)</small><br></div><div class="battle-history"><small>Machamp knocked off the opposing Tornadus's Life Orb!</small><br></div><div class="spacer battle-history"><br></div><div class="battle-history"><small>The harsh sunlight faded.</small><br></div><div class="battle-history"><small>Machamp restored a little HP using its Leftovers!</small><br></div><div class="spacer battle-history"><br></div><h2 class="battle-history">Turn 12</h2><div class="spacer battle-history"><br></div><div class="battle-history">The opposing Tornadus used <strong>Hurricane</strong>!<br></div><div class="battle-history"><small>It's super effective!</small><br></div><div class="battle-history"><small>(Machamp lost <abbr title="−117/272">43.0%</abbr> of its health!)</small><br></div><div class="spacer battle-history"><br></div><div class="battle-history">Machamp fainted!<br></div><div class="spacer battle-history"><br></div><div class="battle-history">Go! <strong>Torkoal</strong>!<br></div><div class="battle-history"><small>Pointed stones dug into Torkoal!</small><br></div><div class="battle-history">[Torkoal's Drought]<br><small>The sunlight turned harsh!</small><br></div><div class="spacer battle-history"><br></div><h2 class="battle-history">Turn 13</h2><div class="spacer battle-history"><br></div><div class="battle-history">The opposing Tornadus used <strong>Taunt</strong>!<br></div><div class="battle-history"><small>Torkoal fell for the taunt!</small><br></div><div class="spacer battle-history"><br></div><div class="battle-history">Torkoal can't use Shell Smash after the taunt!<br></div><div class="spacer battle-history"><br></div><div class="battle-history"><small>(The sunlight is strong.)</small><br></div><div class="spacer battle-history"><br></div><h2 class="battle-history">Turn 14</h2><div class="spacer battle-history"><br></div><div class="battle-history">The opposing Tornadus used <strong>U-turn</strong>!<br></div><div class="battle-history"><small>It's not very effective...</small><br></div><div class="battle-history"><small>(Torkoal lost <abbr title="−16/255">6.3%</abbr> of its health!)</small><br></div><div class="spacer battle-history"><br></div><div class="battle-history">The opposing Tornadus went back to expecting hax!<br></div><div class="battle-history">expecting hax sent out <strong>Carracosta</strong>!<br></div><div class="battle-history"><small>The opposing Carracosta was poisoned!</small><br></div><div class="spacer battle-history"><br></div><div class="battle-history">Torkoal used <strong>Fire Blast</strong>!<br></div><div class="battle-history"><small>It's not very effective...</small><br></div><div class="battle-history"><small>(The opposing Carracosta lost <abbr title="−46/259">17.8%</abbr> of its health!)</small><br></div><div class="spacer battle-history"><br></div><div class="battle-history"><small>(The sunlight is strong.)</small><br></div><div class="battle-history"><small>The opposing Carracosta was hurt by poison!</small><br></div><div class="spacer battle-history"><br></div><h2 class="battle-history">Turn 15</h2><div class="spacer battle-history"><br></div><div class="battle-history">The opposing Carracosta used <strong>Earthquake</strong>!<br></div><div class="battle-history"><small>It's super effective!</small><br></div><div class="battle-history"><small>(Torkoal lost <abbr title="−113/255">44.3%</abbr> of its health!)</small><br></div><div class="battle-history"><small>The opposing Carracosta lost some of its HP!</small><br></div><div class="spacer battle-history"><br></div><div class="battle-history">Torkoal fainted!<br></div><div class="spacer battle-history"><br></div><div class="battle-history"><small>(The sunlight is strong.)</small><br></div><div class="battle-history"><small>The opposing Carracosta was hurt by poison!</small><br></div><div class="spacer battle-history"><br></div><div class="battle-history">Go! <strong>Barbaracle</strong>!<br></div><div class="battle-history"><small>Pointed stones dug into Barbaracle!</small><br></div><div class="spacer battle-history"><br></div><h2 class="battle-history">Turn 16</h2><div class="spacer battle-history"><br></div><div class="battle-history">Barbaracle used <strong>Shell Smash</strong>!<br></div><div class="battle-history"><small>Barbaracle's Defense fell!</small><br></div><div class="battle-history"><small>Barbaracle's Sp. Def fell!</small><br></div><div class="battle-history"><small>Barbaracle's Attack rose sharply!</small><br></div><div class="battle-history"><small>Barbaracle's Sp. Atk rose sharply!</small><br></div><div class="battle-history"><small>Barbaracle's Speed rose sharply!</small><br></div><div class="battle-history"><small>Barbaracle returned its stats to normal using its White Herb!</small><br></div><div class="spacer battle-history"><br></div><div class="battle-history">The opposing Carracosta used <strong>Earthquake</strong>!<br></div><div class="battle-history"><small>It's super effective!</small><br></div><div class="battle-history"><small>(Barbaracle lost <abbr title="−159/246">64.6%</abbr> of its health!)</small><br></div><div class="battle-history"><small>The opposing Carracosta lost some of its HP!</small><br></div><div class="spacer battle-history"><br></div><div class="battle-history"><small>(The sunlight is strong.)</small><br></div><div class="battle-history"><small>The opposing Carracosta was hurt by poison!</small><br></div><div class="spacer battle-history"><br></div><h2 class="battle-history">Turn 17</h2><div class="spacer battle-history"><br></div><div class="battle-history">expecting hax withdrew Carracosta!<br></div><div class="battle-history">expecting hax sent out <strong>Azumarill</strong>!<br></div><div class="spacer battle-history"><br></div><div class="battle-history">Barbaracle used <strong>Liquidation</strong>!<br></div><div class="battle-history"><small>It's not very effective...</small><br></div><div class="battle-history"><small>(The opposing Azumarill lost <abbr title="−71/277">25.6%</abbr> of its health!)</small><br></div><div class="spacer battle-history"><br></div><div class="battle-history">The opposing Azumarill fainted!<br></div><div class="spacer battle-history"><br></div><div class="battle-history"><small>The harsh sunlight faded.</small><br></div><div class="spacer battle-history"><br></div><div class="battle-history">expecting hax sent out <strong>Carracosta</strong>!<br></div><div class="spacer battle-history"><br></div><h2 class="battle-history">Turn 18</h2><div class="spacer battle-history"><br></div><div class="battle-history">The opposing Carracosta used <strong>Aqua Jet</strong>!<br></div><div class="battle-history"><small>(Barbaracle lost <abbr title="−51/246">20.7%</abbr> of its health!)</small><br></div><div class="battle-history"><small>The opposing Carracosta lost some of its HP!</small><br></div><div class="spacer battle-history"><br></div><div class="battle-history">The opposing Carracosta fainted!<br></div><div class="battle-history">Barbaracle used <strong>Liquidation</strong>!<br></div><div class="battle-history"><small>But it failed!</small><br></div><div class="spacer battle-history"><br></div><div class="battle-history">expecting hax sent out <strong>Rayquaza</strong>!<br></div><div class="battle-history">[The opposing Rayquaza's Air Lock]<br><small>The effects of the weather disappeared.</small><br></div><div class="spacer battle-history"><br></div><h2 class="battle-history">Turn 19</h2><div class="spacer battle-history"><br></div><div class="battle-history">The opposing Rayquaza used <strong>Extreme Speed</strong>!<br></div><div class="battle-history"><small>It's not very effective...</small><br></div><div class="battle-history"><small>(Barbaracle lost <abbr title="−6/246">2.4%</abbr> of its health!)</small><br></div><div class="spacer battle-history"><br></div><div class="battle-history">Barbaracle fainted!<br></div><div class="spacer battle-history"><br></div><div class="battle-history">Go! <strong>Lilligant</strong>!<br></div><div class="battle-history"><small>Pointed stones dug into Lilligant!</small><br></div><div class="spacer battle-history"><br></div><h2 class="battle-history">Turn 20</h2><div class="spacer battle-history"><br></div><div class="battle-history">expecting hax withdrew Rayquaza!<br></div><div class="battle-history">expecting hax sent out Exeggutor (<strong>Exeggutor-Alola</strong>)!<br></div><div class="spacer battle-history"><br></div><div class="battle-history">Lilligant used <strong>Sleep Powder</strong>!<br></div><div class="battle-history"><small>It doesn't affect the opposing Exeggutor...</small><br></div><div class="spacer battle-history"><br></div><div class="battle-history"><small>Lilligant restored a little HP using its Leftovers!</small><br></div><div class="battle-history"><small>The opposing Exeggutor was hurt by poison!</small><br></div><div class="spacer battle-history"><br></div><div class="battle-history"><small>(The opposing Exeggutor ate its Sitrus Berry!)</small><br></div><div class="battle-history"><small>The opposing Exeggutor restored HP using its Sitrus Berry!</small><br></div><div class="spacer battle-history"><br></div><h2 class="battle-history">Turn 21</h2><div class="spacer battle-history"><br></div><div class="battle-history">Lilligant, come back!<br></div><div class="battle-history">Go! <strong>Incineroar</strong>!<br></div><div class="battle-history"><small>Pointed stones dug into Incineroar!</small><br></div><div class="battle-history">[Incineroar's Intimidate]<br></div><div class="battle-history"><small>The opposing Exeggutor's Attack fell!</small><br></div><div class="spacer battle-history"><br></div><div class="battle-history">The opposing Exeggutor used <strong>Dragon Hammer</strong>!<br></div><div class="battle-history"><small>(Incineroar lost <abbr title="−72/287">25.1%</abbr> of its health!)</small><br></div><div class="spacer battle-history"><br></div><div class="battle-history"><small>The opposing Exeggutor was hurt by poison!</small><br></div><div class="spacer battle-history"><br></div><h2 class="battle-history">Turn 22</h2><div class="spacer battle-history"><br></div><div class="battle-history">expecting hax withdrew Exeggutor!<br></div><div class="battle-history">expecting hax sent out Tornadus (<strong>Tornadus-Therian</strong>)!<br></div><div class="spacer battle-history"><br></div><div class="battle-history">Incineroar used <strong>U-turn</strong>!<br></div><div class="battle-history"><small>It's not very effective...</small><br></div><div class="battle-history"><small>(The opposing Tornadus lost <abbr title="−32/242">13.2%</abbr> of its health!)</small><br></div><div class="spacer battle-history"><br></div><div class="battle-history">Incineroar went back to Risbo!<br></div><div class="battle-history">Go! <strong>Lilligant</strong>!<br></div><div class="battle-history"><small>Pointed stones dug into Lilligant!</small><br></div><div class="spacer battle-history"><br></div><div class="battle-history"><small>Lilligant restored a little HP using its Leftovers!</small><br></div><div class="spacer battle-history"><br></div><h2 class="battle-history">Turn 23</h2><div class="spacer battle-history"><br></div><div class="battle-history">The opposing Tornadus used <strong>U-turn</strong>!<br></div><div class="battle-history"><small>It's super effective!</small><br></div><div class="battle-history"><small>(Lilligant lost <abbr title="−96/252">38.1%</abbr> of its health!)</small><br></div><div class="spacer battle-history"><br></div><div class="battle-history">The opposing Tornadus went back to expecting hax!<br></div><div class="battle-history">expecting hax sent out Exeggutor (<strong>Exeggutor-Alola</strong>)!<br></div><div class="spacer battle-history"><br></div><div class="battle-history">Lilligant used <strong>Quiver Dance</strong>!<br></div><div class="battle-history"><small>Lilligant's Sp. Atk rose!</small><br></div><div class="battle-history"><small>Lilligant's Sp. Def rose!</small><br></div><div class="battle-history"><small>Lilligant's Speed rose!</small><br></div><div class="spacer battle-history"><br></div><div class="battle-history"><small>Lilligant restored a little HP using its Leftovers!</small><br></div><div class="battle-history"><small>The opposing Exeggutor was hurt by poison!</small><br></div><div class="spacer battle-history"><br></div><h2 class="battle-history">Turn 24</h2><div class="spacer battle-history"><br></div><div class="battle-history">Lilligant used <strong>Hidden Power</strong>!<br></div><div class="battle-history"><small>(The opposing Exeggutor lost <abbr title="−83/290">28.6%</abbr> of its health!)</small><br></div><div class="spacer battle-history"><br></div><div class="battle-history">The opposing Exeggutor used <strong>Dragon Hammer</strong>!<br></div><div class="battle-history"><small>(Lilligant lost <abbr title="−26/252">10.3%</abbr> of its health!)</small><br></div><div class="spacer battle-history"><br></div><div class="battle-history">Lilligant fainted!<br></div><div class="spacer battle-history"><br></div><div class="battle-history"><small>The opposing Exeggutor was hurt by poison!</small><br></div><div class="spacer battle-history"><br></div><div class="battle-history"><small>Risbo forfeited.</small><br></div><div class="spacer battle-history"><br></div><div class="battle-history"><strong>expecting hax</strong> won the battle!<br></div><div class="chat"><small>☆Risbo left</small></div><div class="chat">Risbo's rating: 2405 → <strong>2385</strong><br>(-20 for losing)</div><div class="chat">expecting hax's rating: 2412 → <strong>2432</strong><br>(+20 for winning)</div></div><div class="inner-preempt message-log"></div></div></div>
</div>
<script>
let daily = Math.floor(Date.now()/1000/60/60/24);document.write('<script src="https://play.pokemonshowdown.com/js/replay-embed.js?version'+daily+'"></'+'script>');
</script>
