<!DOCTYPE html>
<meta charset="utf-8" />
<!-- version 1 -->
<title>[Gen 7] Random Battle replay: chesleyer vs. AshKetchumsLucario</title>
<style>
html,body {font-family:Verdana, sans-serif;font-size:10pt;margin:0;padding:0;}body{padding:12px 0;} .battle-log {font-family:Verdana, sans-serif;font-size:10pt;} .battle-log-inline {border:1px solid #AAAAAA;background:#EEF2F5;color:black;max-width:640px;margin:0 auto 80px;padding-bottom:5px;} .battle-log .inner {padding:4px 8px 0px 8px;} .battle-log .inner-preempt {padding:0 8px 4px 8px;} .battle-log .inner-after {margin-top:0.5em;} .battle-log h2 {margin:0.5em -8px;padding:4px 8px;border:1px solid #AAAAAA;background:#E0E7EA;border-left:0;border-right:0;font-family:Verdana, sans-serif;font-size:13pt;} .battle-log .chat {vertical-align:middle;padding:3px 0 3px 0;font-size:8pt;} .battle-log .chat strong {color:#40576A;} .battle-log .chat em {padding:1px 4px 1px 3px;color:#000000;font-style:normal;} .chat.mine {background:rgba(0,0,0,0.05);margin-left:-8px;margin-right:-8px;padding-left:8px;padding-right:8px;} .spoiler {color:#BBBBBB;background:#BBBBBB;padding:0px 3px;} .spoiler:hover, .spoiler:active, .spoiler-shown {color:#000000;background:#E2E2E2;padding:0px 3px;} .spoiler a {color:#BBBBBB;} .spoiler:hover a, .spoiler:active a, .spoiler-shown a {color:#2288CC;} .chat code, .chat .spoiler:hover code, .chat .spoiler:active code, .chat .spoiler-shown code {border:1px solid #C0C0C0;background:#EEEEEE;color:black;padding:0 2px;} .chat .spoiler code {border:1px solid #CCCCCC;background:#CCCCCC;color:#CCCCCC;} .battle-log .rated {padding:3px 4px;} .battle-log .rated strong {color:white;background:#89A;padding:1px 4px;border-radius:4px;} .spacer {margin-top:0.5em;} .message-announce {background:#6688AA;color:white;padding:1px 4px 2px;} .message-announce a, .broadcast-green a, .broadcast-blue a, .broadcast-red a {color:#DDEEFF;} .broadcast-green {background-color:#559955;color:white;padding:2px 4px;} .broadcast-blue {background-color:#6688AA;color:white;padding:2px 4px;} .infobox {border:1px solid #6688AA;padding:2px 4px;} .infobox-limited {max-height:200px;overflow:auto;overflow-x:hidden;} .broadcast-red {background-color:#AA5544;color:white;padding:2px 4px;} .message-learn-canlearn {font-weight:bold;color:#228822;text-decoration:underline;} .message-learn-cannotlearn {font-weight:bold;color:#CC2222;text-decoration:underline;} .message-effect-weak {font-weight:bold;color:#CC2222;} .message-effect-resist {font-weight:bold;color:#6688AA;} .message-effect-immune {font-weight:bold;color:#666666;} .message-learn-list {margin-top:0;margin-bottom:0;} .message-throttle-notice, .message-error {color:#992222;} .message-overflow, .chat small.message-overflow {font-size:0pt;} .message-overflow::before {font-size:9pt;content:'...';} .subtle {color:#3A4A66;}
</style>
<div class="wrapper replay-wrapper" style="max-width:1180px;margin:0 auto">
<input type="hidden" name="replayid" value="gen7randombattle-2110215513" />
<div class="battle"></div><div class="battle-log"></div><div class="replay-controls"></div><div class="replay-controls-2"></div>
<h1 style="font-weight:normal;text-align:center"><strong>[Gen 7] Random Battle</strong><br /><a href="http://pokemonshowdown.com/users/chesleyer" class="subtle" target="_blank">chesleyer</a> vs. <a href="http://pokemonshowdown.com/users/ashketchumslucario" class="subtle" target="_blank">AshKetchumsLucario</a></h1>
<script type="text/plain" class="battle-log-data">|uhtml|medal-msg|<div class="broadcast-blue">Curious what those medals under the avatar are? PS now has Ladder Seasons! For more information, check out the <a href="https:\/\/www.smogon.com\/forums\/threads\/3740067\/">thread on Smogon.<\/a><\/div>
|uhtml|medal-msg|<div class="broadcast-blue">Curious what those medals under the avatar are? PS now has Ladder Seasons! For more information, check out the <a href="https:\/\/www.smogon.com\/forums\/threads\/3740067\/">thread on Smogon.<\/a><\/div>
|j|☆chesleyer
|j|☆AshKetchumsLucario
|t:|1713922871
|gametype|singles
|player|p1|chesleyer|n|1219
|player|p2|AshKetchumsLucario|102|1159
|teamsize|p1|6
|teamsize|p2|6
|gen|7
|tier|[Gen 7] Random Battle
|rated|
|rule|Sleep Clause Mod: Limit one foe put to sleep
|rule|HP Percentage Mod: HP is shown in percentages
|rule|Illusion Level Mod: Illusion disguises the Pokémon's true level
|
|t:|1713922871
|start
|switch|p1a: Haxorus|Haxorus, L77, M|244\/244
|switch|p2a: Ledian|Ledian, M|272\/272
|-ability|p1a: Haxorus|Mold Breaker
|turn|1
|inactive|Battle timer is ON: inactive players will automatically lose when time's up. (requested by AshKetchumsLucario)
|
|t:|1713922888
|switch|p1a: Oricorio|Oricorio-Sensu, L89, F|278\/278
|move|p2a: Ledian|Knock Off|p1a: Oricorio
|-supereffective|p1a: Oricorio
|-damage|p1a: Oricorio|176\/278
|-enditem|p1a: Oricorio|Leftovers|[from] move: Knock Off|[of] p2a: Ledian
|
|upkeep
|turn|2
|
|t:|1713922902
|switch|p2a: Hydreigon|Hydreigon, L82, F|285\/285
|move|p1a: Oricorio|Hurricane|p2a: Hydreigon|[miss]
|-miss|p1a: Oricorio|p2a: Hydreigon
|
|upkeep
|turn|3
|
|t:|1713922913
|switch|p1a: Bisharp|Bisharp, L82, F|241\/241
|move|p2a: Hydreigon|U-turn|p1a: Bisharp
|-damage|p1a: Bisharp|183\/241
|-damage|p2a: Hydreigon|257\/285|[from] item: Life Orb
|
|t:|1713922927
|switch|p2a: Slurpuff|Slurpuff, L79, M|258\/258|[from] U-turn
|
|upkeep
|turn|4
|
|t:|1713922936
|move|p1a: Bisharp|Iron Head|p2a: Slurpuff
|-supereffective|p2a: Slurpuff
|-damage|p2a: Slurpuff|28\/258
|-enditem|p2a: Slurpuff|Sitrus Berry|[eat]
|-heal|p2a: Slurpuff|92\/258|[from] item: Sitrus Berry
|move|p2a: Slurpuff|Drain Punch|p1a: Bisharp
|-supereffective|p1a: Bisharp
|-damage|p1a: Bisharp|39\/241
|-heal|p2a: Slurpuff|164\/258|[from] drain|[of] p1a: Bisharp
|
|upkeep
|turn|5
|
|t:|1713922947
|switch|p2a: Lapras|Lapras, L87, F|368\/368
|move|p1a: Bisharp|Iron Head|p2a: Lapras
|-crit|p2a: Lapras
|-damage|p2a: Lapras|202\/368
|
|-heal|p2a: Lapras|225\/368|[from] item: Leftovers
|upkeep
|turn|6
|c|☆AshKetchumsLucario|was not expecting drain punch to do nothing
|inactive|chesleyer has 120 seconds left.
|
|t:|1713922992
|move|p1a: Bisharp|Iron Head|p2a: Lapras
|-damage|p2a: Lapras|117\/368
|move|p2a: Lapras|Ice Beam|p1a: Bisharp
|-resisted|p1a: Bisharp
|-damage|p1a: Bisharp|0 fnt
|faint|p1a: Bisharp
|
|-heal|p2a: Lapras|140\/368|[from] item: Leftovers
|upkeep
|
|t:|1713922999
|switch|p1a: Gorebyss|Gorebyss, L83, F|226\/226
|turn|7
|inactive|AshKetchumsLucario has 120 seconds left.
|inactive|AshKetchumsLucario has 90 seconds left.
|
|t:|1713923072
|move|p2a: Lapras|Freeze-Dry|p1a: Gorebyss
|-supereffective|p1a: Gorebyss
|-damage|p1a: Gorebyss|64\/226
|move|p1a: Gorebyss|Shell Smash|p1a: Gorebyss
|-unboost|p1a: Gorebyss|def|1
|-unboost|p1a: Gorebyss|spd|1
|-boost|p1a: Gorebyss|atk|2
|-boost|p1a: Gorebyss|spa|2
|-boost|p1a: Gorebyss|spe|2
|-enditem|p1a: Gorebyss|White Herb
|-clearnegativeboost|p1a: Gorebyss|[silent]
|
|-heal|p2a: Lapras|163\/368|[from] item: Leftovers
|upkeep
|turn|8
|inactive|chesleyer has 120 seconds left.
|
|t:|1713923080
|move|p1a: Gorebyss|Hidden Power|p2a: Lapras
|-supereffective|p2a: Lapras
|-damage|p2a: Lapras|5\/368
|move|p2a: Lapras|Freeze-Dry|p1a: Gorebyss
|-supereffective|p1a: Gorebyss
|-damage|p1a: Gorebyss|0 fnt
|faint|p1a: Gorebyss
|
|-heal|p2a: Lapras|28\/368|[from] item: Leftovers
|upkeep
|inactive|chesleyer has 120 seconds left.
|
|t:|1713923087
|switch|p1a: Oricorio|Oricorio-Sensu, L89, F|176\/278
|turn|9
|
|t:|1713923093
|move|p1a: Oricorio|Revelation Dance|p2a: Lapras
|-damage|p2a: Lapras|0 fnt
|faint|p2a: Lapras
|
|upkeep
|
|t:|1713923095
|switch|p2a: Hydreigon|Hydreigon, L82, F|257\/285
|turn|10
|inactive|chesleyer has 120 seconds left.
|
|t:|1713923123
|move|p1a: Oricorio|Toxic|p2a: Hydreigon
|-status|p2a: Hydreigon|tox
|move|p2a: Hydreigon|Dark Pulse|p1a: Oricorio
|-supereffective|p1a: Oricorio
|-crit|p1a: Oricorio
|-damage|p1a: Oricorio|0 fnt
|faint|p1a: Oricorio
|-damage|p2a: Hydreigon|229\/285 tox|[from] item: Life Orb
|
|-damage|p2a: Hydreigon|212\/285 tox|[from] psn
|upkeep
|inactive|chesleyer has 120 seconds left.
|
|t:|1713923130
|switch|p1a: Kricketune|Kricketune, L93, F|294\/294
|turn|11
|inactive|AshKetchumsLucario has 120 seconds left.
|
|t:|1713923141
|move|p2a: Hydreigon|Dark Pulse|p1a: Kricketune
|-damage|p1a: Kricketune|130\/294
|-damage|p2a: Hydreigon|184\/285 tox|[from] item: Life Orb
|move|p1a: Kricketune|Sticky Web|p2a: Hydreigon
|-sidestart|p2: AshKetchumsLucario|move: Sticky Web
|
|-heal|p1a: Kricketune|148\/294|[from] item: Leftovers
|-damage|p2a: Hydreigon|150\/285 tox|[from] psn
|upkeep
|turn|12
|inactive|AshKetchumsLucario has 120 seconds left.
|inactive|chesleyer has 120 seconds left.
|c|☆AshKetchumsLucario|I JUST REALIZED
|
|t:|1713923165
|move|p2a: Hydreigon|Dark Pulse|p1a: Kricketune
|-damage|p1a: Kricketune|0 fnt
|faint|p1a: Kricketune
|-damage|p2a: Hydreigon|122\/285 tox|[from] item: Life Orb
|
|-damage|p2a: Hydreigon|71\/285 tox|[from] psn
|upkeep
|c|☆AshKetchumsLucario|SLURPUFF HAD UNBURDEN\
|
|t:|1713923168
|switch|p1a: Butterfree|Butterfree, L90, M|254\/254
|turn|13
|c|☆AshKetchumsLucario|I DIDNT HAVE TO SSWITCH IT OUTY
|c|☆AshKetchumsLucario|IM JUSTY A FUCKING DUMB FUCK
|
|t:|1713923176
|move|p2a: Hydreigon|Draco Meteor|p1a: Butterfree
|-damage|p1a: Butterfree|38\/254
|-unboost|p2a: Hydreigon|spa|2
|-damage|p2a: Hydreigon|43\/285 tox|[from] item: Life Orb
|move|p1a: Butterfree|Quiver Dance|p1a: Butterfree
|-boost|p1a: Butterfree|spa|1
|-boost|p1a: Butterfree|spd|1
|-boost|p1a: Butterfree|spe|1
|
|-heal|p1a: Butterfree|53\/254|[from] item: Leftovers
|-damage|p2a: Hydreigon|0 fnt|[from] psn
|faint|p2a: Hydreigon
|upkeep
|
|t:|1713923183
|switch|p2a: Ledian|Ledian, M|272\/272
|turn|14
|inactive|chesleyer has 120 seconds left.
|inactive|chesleyer has 90 seconds left.
|inactive|chesleyer has 60 seconds left.
|l|☆chesleyer
|inactive|chesleyer disconnected and has a minute to reconnect!
|player|p1|
|inactive|chesleyer has 30 seconds left.
|inactive|chesleyer has 20 seconds left.
|inactive|chesleyer has 15 seconds left.
|inactive|chesleyer has 10 seconds left.
|c|☆AshKetchumsLucario|coward
|inactive|chesleyer has 5 seconds left.
|-message|chesleyer lost due to inactivity.
|
|win|AshKetchumsLucario
</script>
</div>
<div class="battle-log battle-log-inline"><div class="inner"><div class="battle-options"></div><div class="inner message-log"><div class="notice uhtml-medalmsg"><div class="broadcast-blue">Curious what those medals under the avatar are? PS now has Ladder Seasons! For more information, check out the <a href="https://www.smogon.com/forums/threads/3740067/" target="_blank" rel="noopener">thread on Smogon.</a></div></div><div class="chat"><small>☆chesleyer and ☆AshKetchumsLucario joined</small></div><div class=""><small>Format:</small> <br><strong>[Gen 7] Random Battle</strong></div><div class="rated"><strong>Rated battle</strong></div><div class=""><small><em>Sleep Clause Mod:</em> Limit one foe put to sleep</small></div><div class=""><small><em>HP Percentage Mod:</em> HP is shown in percentages</small></div><div class=""><small><em>Illusion Level Mod:</em> Illusion disguises the Pokémon's true level</small></div><div class="spacer battle-history"><br></div><div class="battle-history">Battle started between chesleyer and AshKetchumsLucario!<br></div><div class="spacer battle-history"><br></div><div class="battle-history">Go! <strong>Haxorus</strong>!<br></div><div class="spacer battle-history"><br></div><div class="battle-history">AshKetchumsLucario sent out <strong>Ledian</strong>!<br></div><div class="battle-history">[Haxorus's Mold Breaker]<br><small>Haxorus breaks the mold!</small><br></div><div class="spacer battle-history"><br></div><h2 class="battle-history">Turn 1</h2><div class="chat message-error">Battle timer is ON: inactive players will automatically lose when time's up. (requested by AshKetchumsLucario)</div><div class="spacer battle-history"><br></div><div class="battle-history">Haxorus, come back!<br></div><div class="battle-history">Go! Oricorio (<strong>Oricorio-Sensu</strong>)!<br></div><div class="spacer battle-history"><br></div><div class="battle-history">The opposing Ledian used <strong>Knock Off</strong>!<br></div><div class="battle-history"><small>It's super effective!</small><br></div><div class="battle-history"><small>(Oricorio lost <abbr title="−102/278">36.7%</abbr> of its health!)</small><br></div><div class="battle-history"><small>The opposing Ledian knocked off Oricorio's Leftovers!</small><br></div><div class="spacer battle-history"><br></div><h2 class="battle-history">Turn 2</h2><div class="spacer battle-history"><br></div><div class="battle-history">AshKetchumsLucario withdrew Ledian!<br></div><div class="battle-history">AshKetchumsLucario sent out <strong>Hydreigon</strong>!<br></div><div class="spacer battle-history"><br></div><div class="battle-history">Oricorio used <strong>Hurricane</strong>!<br></div><div class="battle-history"><small>The opposing Hydreigon avoided the attack!</small><br></div><div class="spacer battle-history"><br></div><h2 class="battle-history">Turn 3</h2><div class="spacer battle-history"><br></div><div class="battle-history">Oricorio, come back!<br></div><div class="battle-history">Go! <strong>Bisharp</strong>!<br></div><div class="spacer battle-history"><br></div><div class="battle-history">The opposing Hydreigon used <strong>U-turn</strong>!<br></div><div class="battle-history"><small>(Bisharp lost <abbr title="−58/241">24.1%</abbr> of its health!)</small><br></div><div class="battle-history"><small>The opposing Hydreigon lost some of its HP!</small><br></div><div class="spacer battle-history"><br></div><div class="battle-history">The opposing Hydreigon went back to AshKetchumsLucario!<br></div><div class="battle-history">AshKetchumsLucario sent out <strong>Slurpuff</strong>!<br></div><div class="spacer battle-history"><br></div><h2 class="battle-history">Turn 4</h2><div class="spacer battle-history"><br></div><div class="battle-history">Bisharp used <strong>Iron Head</strong>!<br></div><div class="battle-history"><small>It's super effective!</small><br></div><div class="battle-history"><small>(The opposing Slurpuff lost <abbr title="−230/258">89.1%</abbr> of its health!)</small><br></div><div class="battle-history"><small>(The opposing Slurpuff ate its Sitrus Berry!)</small><br></div><div class="battle-history"><small>The opposing Slurpuff restored HP using its Sitrus Berry!</small><br></div><div class="spacer battle-history"><br></div><div class="battle-history">The opposing Slurpuff used <strong>Drain Punch</strong>!<br></div><div class="battle-history"><small>It's super effective!</small><br></div><div class="battle-history"><small>(Bisharp lost <abbr title="−144/241">59.8%</abbr> of its health!)</small><br></div><div class="battle-history"><small>Bisharp had its energy drained!</small><br></div><div class="spacer battle-history"><br></div><h2 class="battle-history">Turn 5</h2><div class="spacer battle-history"><br></div><div class="battle-history">AshKetchumsLucario withdrew Slurpuff!<br></div><div class="battle-history">AshKetchumsLucario sent out <strong>Lapras</strong>!<br></div><div class="spacer battle-history"><br></div><div class="battle-history">Bisharp used <strong>Iron Head</strong>!<br></div><div class="battle-history"><small>A critical hit!</small><br></div><div class="battle-history"><small>(The opposing Lapras lost <abbr title="−166/368">45.1%</abbr> of its health!)</small><br></div><div class="spacer battle-history"><br></div><div class="battle-history"><small>The opposing Lapras restored a little HP using its Leftovers!</small><br></div><div class="spacer battle-history"><br></div><h2 class="battle-history">Turn 6</h2><div class="chat chatmessage-ashketchumslucario"><strong style="color:#a952b8"><small>☆</small><span class="username" data-name="AshKetchumsLucario">AshKetchumsLucario</span>:</strong> <em>was not expecting drain punch to do nothing</em></div><div class="chat message-error">chesleyer has 120 seconds left.</div><div class="spacer battle-history"><br></div><div class="battle-history">Bisharp used <strong>Iron Head</strong>!<br></div><div class="battle-history"><small>(The opposing Lapras lost <abbr title="−108/368">29.3%</abbr> of its health!)</small><br></div><div class="spacer battle-history"><br></div><div class="battle-history">The opposing Lapras used <strong>Ice Beam</strong>!<br></div><div class="battle-history"><small>It's not very effective...</small><br></div><div class="battle-history"><small>(Bisharp lost <abbr title="−39/241">16.2%</abbr> of its health!)</small><br></div><div class="spacer battle-history"><br></div><div class="battle-history">Bisharp fainted!<br></div><div class="spacer battle-history"><br></div><div class="battle-history"><small>The opposing Lapras restored a little HP using its Leftovers!</small><br></div><div class="spacer battle-history"><br></div><div class="battle-history">Go! <strong>Gorebyss</strong>!<br></div><div class="spacer battle-history"><br></div><h2 class="battle-history">Turn 7</h2><div class="chat message-error">AshKetchumsLucario has 120 seconds left.</div><div class="chat message-error">AshKetchumsLucario has 90 seconds left.</div><div class="spacer battle-history"><br></div><div class="battle-history">The opposing Lapras used <strong>Freeze-Dry</strong>!<br></div><div class="battle-history"><small>It's super effective!</small><br></div><div class="battle-history"><small>(Gorebyss lost <abbr title="−162/226">71.7%</abbr> of its health!)</small><br></div><div class="spacer battle-history"><br></div><div class="battle-history">Gorebyss used <strong>Shell Smash</strong>!<br></div><div class="battle-history"><small>Gorebyss's Defense fell!</small><br></div><div class="battle-history"><small>Gorebyss's Sp. Def fell!</small><br></div><div class="battle-history"><small>Gorebyss's Attack rose sharply!</small><br></div><div class="battle-history"><small>Gorebyss's Sp. Atk rose sharply!</small><br></div><div class="battle-history"><small>Gorebyss's Speed rose sharply!</small><br></div><div class="battle-history"><small>Gorebyss returned its stats to normal using its White Herb!</small><br></div><div class="spacer battle-history"><br></div><div class="battle-history"><small>The opposing Lapras restored a little HP using its Leftovers!</small><br></div><div class="spacer battle-history"><br></div><h2 class="battle-history">Turn 8</h2><div class="chat message-error">chesleyer has 120 seconds left.</div><div class="spacer battle-history"><br></div><div class="battle-history">Gorebyss used <strong>Hidden Power</strong>!<br></div><div class="battle-history"><small>It's super effective!</small><br></div><div class="battle-history"><small>(The opposing Lapras lost <abbr title="−158/368">42.9%</abbr> of its health!)</small><br></div><div class="spacer battle-history"><br></div><div class="battle-history">The opposing Lapras used <strong>Freeze-Dry</strong>!<br></div><div class="battle-history"><small>It's super effective!</small><br></div><div class="battle-history"><small>(Gorebyss lost <abbr title="−64/226">28.3%</abbr> of its health!)</small><br></div><div class="spacer battle-history"><br></div><div class="battle-history">Gorebyss fainted!<br></div><div class="spacer battle-history"><br></div><div class="battle-history"><small>The opposing Lapras restored a little HP using its Leftovers!</small><br></div><div class="chat message-error">chesleyer has 120 seconds left.</div><div class="spacer battle-history"><br></div><div class="battle-history">Go! Oricorio (<strong>Oricorio-Sensu</strong>)!<br></div><div class="spacer battle-history"><br></div><h2 class="battle-history">Turn 9</h2><div class="spacer battle-history"><br></div><div class="battle-history">Oricorio used <strong>Revelation Dance</strong>!<br></div><div class="battle-history"><small>(The opposing Lapras lost <abbr title="−28/368">7.6%</abbr> of its health!)</small><br></div><div class="spacer battle-history"><br></div><div class="battle-history">The opposing Lapras fainted!<br></div><div class="spacer battle-history"><br></div><div class="battle-history">AshKetchumsLucario sent out <strong>Hydreigon</strong>!<br></div><div class="spacer battle-history"><br></div><h2 class="battle-history">Turn 10</h2><div class="chat message-error">chesleyer has 120 seconds left.</div><div class="spacer battle-history"><br></div><div class="battle-history">Oricorio used <strong>Toxic</strong>!<br></div><div class="battle-history"><small>The opposing Hydreigon was badly poisoned!</small><br></div><div class="spacer battle-history"><br></div><div class="battle-history">The opposing Hydreigon used <strong>Dark Pulse</strong>!<br></div><div class="battle-history"><small>It's super effective!</small><br></div><div class="battle-history"><small>A critical hit!</small><br></div><div class="battle-history"><small>(Oricorio lost <abbr title="−176/278">63.3%</abbr> of its health!)</small><br></div><div class="spacer battle-history"><br></div><div class="battle-history">Oricorio fainted!<br></div><div class="battle-history"><small>The opposing Hydreigon lost some of its HP!</small><br></div><div class="spacer battle-history"><br></div><div class="battle-history"><small>The opposing Hydreigon was hurt by poison!</small><br></div><div class="chat message-error">chesleyer has 120 seconds left.</div><div class="spacer battle-history"><br></div><div class="battle-history">Go! <strong>Kricketune</strong>!<br></div><div class="spacer battle-history"><br></div><h2 class="battle-history">Turn 11</h2><div class="chat message-error">AshKetchumsLucario has 120 seconds left.</div><div class="spacer battle-history"><br></div><div class="battle-history">The opposing Hydreigon used <strong>Dark Pulse</strong>!<br></div><div class="battle-history"><small>(Kricketune lost <abbr title="−164/294">55.8%</abbr> of its health!)</small><br></div><div class="battle-history"><small>The opposing Hydreigon lost some of its HP!</small><br></div><div class="spacer battle-history"><br></div><div class="battle-history">Kricketune used <strong>Sticky Web</strong>!<br></div><div class="battle-history"><small>A sticky web has been laid out on the ground around the opposing team!</small><br></div><div class="spacer battle-history"><br></div><div class="battle-history"><small>Kricketune restored a little HP using its Leftovers!</small><br></div><div class="battle-history"><small>The opposing Hydreigon was hurt by poison!</small><br></div><div class="spacer battle-history"><br></div><h2 class="battle-history">Turn 12</h2><div class="chat message-error">AshKetchumsLucario has 120 seconds left.</div><div class="chat message-error">chesleyer has 120 seconds left.</div><div class="chat chatmessage-ashketchumslucario"><strong style="color:#a952b8"><small>☆</small><span class="username" data-name="AshKetchumsLucario">AshKetchumsLucario</span>:</strong> <em>I JUST REALIZED</em></div><div class="spacer battle-history"><br></div><div class="battle-history">The opposing Hydreigon used <strong>Dark Pulse</strong>!<br></div><div class="battle-history"><small>(Kricketune lost <abbr title="−148/294">50.3%</abbr> of its health!)</small><br></div><div class="spacer battle-history"><br></div><div class="battle-history">Kricketune fainted!<br></div><div class="battle-history"><small>The opposing Hydreigon lost some of its HP!</small><br></div><div class="spacer battle-history"><br></div><div class="battle-history"><small>The opposing Hydreigon was hurt by poison!</small><br></div><div class="chat chatmessage-ashketchumslucario"><strong style="color:#a952b8"><small>☆</small><span class="username" data-name="AshKetchumsLucario">AshKetchumsLucario</span>:</strong> <em>SLURPUFF HAD UNBURDEN\</em></div><div class="spacer battle-history"><br></div><div class="battle-history">Go! <strong>Butterfree</strong>!<br></div><div class="spacer battle-history"><br></div><h2 class="battle-history">Turn 13</h2><div class="chat chatmessage-ashketchumslucario"><strong style="color:#a952b8"><small>☆</small><span class="username" data-name="AshKetchumsLucario">AshKetchumsLucario</span>:</strong> <em>I DIDNT HAVE TO SSWITCH IT OUTY</em></div><div class="chat chatmessage-ashketchumslucario"><strong style="color:#a952b8"><small>☆</small><span class="username" data-name="AshKetchumsLucario">AshKetchumsLucario</span>:</strong> <em>IM JUSTY A FUCKING DUMB FUCK</em></div><div class="spacer battle-history"><br></div><div class="battle-history">The opposing Hydreigon used <strong>Draco Meteor</strong>!<br></div><div class="battle-history"><small>(Butterfree lost <abbr title="−216/254">85.0%</abbr> of its health!)</small><br></div><div class="battle-history"><small>The opposing Hydreigon's Sp. Atk fell harshly!</small><br></div><div class="battle-history"><small>The opposing Hydreigon lost some of its HP!</small><br></div><div class="spacer battle-history"><br></div><div class="battle-history">Butterfree used <strong>Quiver Dance</strong>!<br></div><div class="battle-history"><small>Butterfree's Sp. Atk rose!</small><br></div><div class="battle-history"><small>Butterfree's Sp. Def rose!</small><br></div><div class="battle-history"><small>Butterfree's Speed rose!</small><br></div><div class="spacer battle-history"><br></div><div class="battle-history"><small>Butterfree restored a little HP using its Leftovers!</small><br></div><div class="battle-history"><small>The opposing Hydreigon was hurt by poison!</small><br></div><div class="spacer battle-history"><br></div><div class="battle-history">The opposing Hydreigon fainted!<br></div><div class="spacer battle-history"><br></div><div class="battle-history">AshKetchumsLucario sent out <strong>Ledian</strong>!<br></div><div class="spacer battle-history"><br></div><h2 class="battle-history">Turn 14</h2><div class="chat message-error">chesleyer has 120 seconds left.</div><div class="chat message-error">chesleyer has 90 seconds left.</div><div class="chat message-error">chesleyer has 60 seconds left.</div><div class="chat"><small>☆chesleyer left</small></div><div class="chat message-error">chesleyer disconnected and has a minute to reconnect!</div><div class="chat message-error">chesleyer has 30 seconds left.</div><div class="chat message-error">chesleyer has 20 seconds left.</div><div class="chat message-error">chesleyer has 15 seconds left.</div><div class="chat message-error">chesleyer has 10 seconds left.</div><div class="chat chatmessage-ashketchumslucario"><strong style="color:#a952b8"><small>☆</small><span class="username" data-name="AshKetchumsLucario">AshKetchumsLucario</span>:</strong> <em>coward</em></div><div class="chat message-error">chesleyer has 5 seconds left.</div><div class="spacer battle-history"><br></div><div class="battle-history"><small>chesleyer lost due to inactivity.</small><br></div><div class="spacer battle-history"><br></div><div class="battle-history"><strong>AshKetchumsLucario</strong> won the battle!<br></div></div><div class="inner-preempt message-log"></div></div></div>
</div>
<script>
let daily = Math.floor(Date.now()/1000/60/60/24);document.write('<script src="https://play.pokemonshowdown.com/js/replay-embed.js?version'+daily+'"></'+'script>');
</script>
