<!DOCTYPE html>
<meta charset="utf-8" />
<!-- version 1 -->
<title>[Gen 7] Random Battle replay: 35Q71N vs. random jawline</title>
<style>
html,body {font-family:Verdana, sans-serif;font-size:10pt;margin:0;padding:0;}body{padding:12px 0;} .battle-log {font-family:Verdana, sans-serif;font-size:10pt;} .battle-log-inline {border:1px solid #AAAAAA;background:#EEF2F5;color:black;max-width:640px;margin:0 auto 80px;padding-bottom:5px;} .battle-log .inner {padding:4px 8px 0px 8px;} .battle-log .inner-preempt {padding:0 8px 4px 8px;} .battle-log .inner-after {margin-top:0.5em;} .battle-log h2 {margin:0.5em -8px;padding:4px 8px;border:1px solid #AAAAAA;background:#E0E7EA;border-left:0;border-right:0;font-family:Verdana, sans-serif;font-size:13pt;} .battle-log .chat {vertical-align:middle;padding:3px 0 3px 0;font-size:8pt;} .battle-log .chat strong {color:#40576A;} .battle-log .chat em {padding:1px 4px 1px 3px;color:#000000;font-style:normal;} .chat.mine {background:rgba(0,0,0,0.05);margin-left:-8px;margin-right:-8px;padding-left:8px;padding-right:8px;} .spoiler {color:#BBBBBB;background:#BBBBBB;padding:0px 3px;} .spoiler:hover, .spoiler:active, .spoiler-shown {color:#000000;background:#E2E2E2;padding:0px 3px;} .spoiler a {color:#BBBBBB;} .spoiler:hover a, .spoiler:active a, .spoiler-shown a {color:#2288CC;} .chat code, .chat .spoiler:hover code, .chat .spoiler:active code, .chat .spoiler-shown code {border:1px solid #C0C0C0;background:#EEEEEE;color:black;padding:0 2px;} .chat .spoiler code {border:1px solid #CCCCCC;background:#CCCCCC;color:#CCCCCC;} .battle-log .rated {padding:3px 4px;} .battle-log .rated strong {color:white;background:#89A;padding:1px 4px;border-radius:4px;} .spacer {margin-top:0.5em;} .message-announce {background:#6688AA;color:white;padding:1px 4px 2px;} .message-announce a, .broadcast-green a, .broadcast-blue a, .broadcast-red a {color:#DDEEFF;} .broadcast-green {background-color:#559955;color:white;padding:2px 4px;} .broadcast-blue {background-color:#6688AA;color:white;padding:2px 4px;} .infobox {border:1px solid #6688AA;padding:2px 4px;} .infobox-limited {max-height:200px;overflow:auto;overflow-x:hidden;} .broadcast-red {background-color:#AA5544;color:white;padding:2px 4px;} .message-learn-canlearn {font-weight:bold;color:#228822;text-decoration:underline;} .message-learn-cannotlearn {font-weight:bold;color:#CC2222;text-decoration:underline;} .message-effect-weak {font-weight:bold;color:#CC2222;} .message-effect-resist {font-weight:bold;color:#6688AA;} .message-effect-immune {font-weight:bold;color:#666666;} .message-learn-list {margin-top:0;margin-bottom:0;} .message-throttle-notice, .message-error {color:#992222;} .message-overflow, .chat small.message-overflow {font-size:0pt;} .message-overflow::before {font-size:9pt;content:'...';} .subtle {color:#3A4A66;}
</style>
<div class="wrapper replay-wrapper" style="max-width:1180px;margin:0 auto">
<input type="hidden" name="replayid" value="gen7randombattle-818828076" />
<div class="battle"></div><div class="battle-log"></div><div class="replay-controls"></div><div class="replay-controls-2"></div>
<h1 style="font-weight:normal;text-align:center"><strong>[Gen 7] Random Battle</strong><br /><a href="http://pokemonshowdown.com/users/35q71n" class="subtle" target="_blank">35Q71N</a> vs. <a href="http://pokemonshowdown.com/users/randomjawline" class="subtle" target="_blank">random jawline</a></h1>
<script type="text/plain" class="battle-log-data">|j|☆35Q71N
|j|☆random jawline
|player|p1|35Q71N|65
|player|p2|random jawline|161
|teamsize|p1|6
|teamsize|p2|6
|gametype|singles
|gen|7
|tier|[Gen 7] Random Battle
|rated|
|seed|51671,21602,51502,6070
|rule|Sleep Clause Mod: Limit one foe put to sleep
|rule|HP Percentage Mod: HP is shown in percentages
|
|start
|switch|p1a: Aromatisse|Aromatisse, L82, M|300\/300
|switch|p2a: Meowstic|Meowstic-F, L83, F|259\/259
|turn|1
|inactive|Battle timer is ON: inactive players will automatically lose when time's up. (requested by random jawline)
|
|move|p2a: Meowstic|Calm Mind|p2a: Meowstic
|-boost|p2a: Meowstic|spa|1
|-boost|p2a: Meowstic|spd|1
|move|p1a: Aromatisse|Wish|p1a: Aromatisse
|
|upkeep
|turn|2
|inactive|35Q71N has 120 seconds left.
|
|switch|p1a: Banette|Banette, L79, M|231\/231
|move|p2a: Meowstic|Calm Mind|p2a: Meowstic
|-boost|p2a: Meowstic|spa|1
|-boost|p2a: Meowstic|spd|1
|
|upkeep
|turn|3
|
|detailschange|p1a: Banette|Banette-Mega, L79, M
|-mega|p1a: Banette|Banette|Banettite
|move|p2a: Meowstic|Thunderbolt|p1a: Banette
|-damage|p1a: Banette|102\/231
|move|p1a: Banette|Shadow Claw|p2a: Meowstic
|-supereffective|p2a: Meowstic
|-damage|p2a: Meowstic|25\/259
|
|upkeep
|turn|4
|
|move|p2a: Meowstic|Psyshock|p1a: Banette
|-damage|p1a: Banette|0 fnt
|faint|p1a: Banette
|
|upkeep
|
|switch|p1a: Samurott|Samurott, L82, F|290\/290
|turn|5
|
|move|p1a: Samurott|Aqua Jet|p2a: Meowstic
|-damage|p2a: Meowstic|0 fnt
|-damage|p1a: Samurott|261\/290|[from] item: Life Orb
|faint|p2a: Meowstic
|
|upkeep
|
|switch|p2a: Empoleon|Empoleon, L77, F|256\/256
|turn|6
|
|move|p1a: Samurott|Sacred Sword|p2a: Empoleon
|-supereffective|p2a: Empoleon
|-damage|p2a: Empoleon|87\/256
|-damage|p1a: Samurott|232\/290|[from] item: Life Orb
|move|p2a: Empoleon|Stealth Rock|p1a: Samurott
|-sidestart|p1: 35Q71N|move: Stealth Rock
|
|upkeep
|turn|7
|
|move|p1a: Samurott|Sacred Sword|p2a: Empoleon
|-supereffective|p2a: Empoleon
|-damage|p2a: Empoleon|0 fnt
|-damage|p1a: Samurott|203\/290|[from] item: Life Orb
|faint|p2a: Empoleon
|
|upkeep
|
|switch|p2a: Lugia|Lugia, L73|275\/275
|turn|8
|
|move|p2a: Lugia|Substitute|p2a: Lugia
|-start|p2a: Lugia|Substitute
|-damage|p2a: Lugia|207\/275
|move|p1a: Samurott|Liquidation|p2a: Lugia
|-end|p2a: Lugia|Substitute
|-damage|p1a: Samurott|174\/290|[from] item: Life Orb
|
|-heal|p2a: Lugia|224\/275|[from] item: Leftovers
|upkeep
|turn|9
|
|move|p2a: Lugia|Substitute|p2a: Lugia
|-start|p2a: Lugia|Substitute
|-damage|p2a: Lugia|156\/275
|move|p1a: Samurott|Swords Dance|p1a: Samurott
|-boost|p1a: Samurott|atk|2
|
|-heal|p2a: Lugia|173\/275|[from] item: Leftovers
|upkeep
|turn|10
|
|move|p2a: Lugia|Aeroblast|p1a: Samurott
|-damage|p1a: Samurott|80\/290
|move|p1a: Samurott|Liquidation|p2a: Lugia
|-end|p2a: Lugia|Substitute
|-damage|p1a: Samurott|51\/290|[from] item: Life Orb
|
|-heal|p2a: Lugia|190\/275|[from] item: Leftovers
|upkeep
|turn|11
|
|move|p2a: Lugia|Aeroblast|p1a: Samurott
|-damage|p1a: Samurott|0 fnt
|faint|p1a: Samurott
|
|-heal|p2a: Lugia|207\/275|[from] item: Leftovers
|upkeep
|
|switch|p1a: Aromatisse|Aromatisse, L82, M|300\/300
|-damage|p1a: Aromatisse|263\/300|[from] Stealth Rock
|turn|12
|
|move|p2a: Lugia|Thunder Wave|p1a: Aromatisse|[miss]
|-miss|p2a: Lugia|p1a: Aromatisse
|move|p1a: Aromatisse|Wish|p1a: Aromatisse
|
|-heal|p2a: Lugia|224\/275|[from] item: Leftovers
|-heal|p1a: Aromatisse|281\/300|[from] item: Leftovers
|upkeep
|turn|13
|
|move|p2a: Lugia|Substitute|p2a: Lugia
|-start|p2a: Lugia|Substitute
|-damage|p2a: Lugia|156\/275
|move|p1a: Aromatisse|Moonblast|p2a: Lugia
|-end|p2a: Lugia|Substitute
|
|-heal|p1a: Aromatisse|300\/300|[from] move: Wish|[wisher] Aromatisse
|-heal|p2a: Lugia|173\/275|[from] item: Leftovers
|upkeep
|turn|14
|
|move|p2a: Lugia|Thunder Wave|p1a: Aromatisse
|-status|p1a: Aromatisse|par
|move|p1a: Aromatisse|Wish|p1a: Aromatisse
|
|-heal|p2a: Lugia|190\/275|[from] item: Leftovers
|upkeep
|turn|15
|
|move|p2a: Lugia|Roost|p2a: Lugia
|-heal|p2a: Lugia|275\/275
|move|p1a: Aromatisse|Aromatherapy|p1a: Aromatisse
|-activate|p1a: Aromatisse|move: Aromatherapy
|-curestatus|p1a: Aromatisse|par|[msg]
|
|upkeep
|turn|16
|
|switch|p2a: Beedrill|Beedrill, L77, F|227\/227
|move|p1a: Aromatisse|Moonblast|p2a: Beedrill
|-resisted|p2a: Beedrill
|-damage|p2a: Beedrill|176\/227
|
|upkeep
|turn|17
|
|detailschange|p2a: Beedrill|Beedrill-Mega, L77, F
|-mega|p2a: Beedrill|Beedrill|Beedrillite
|move|p1a: Aromatisse|Protect|p1a: Aromatisse
|-singleturn|p1a: Aromatisse|Protect
|move|p2a: Beedrill|Poison Jab|p1a: Aromatisse
|-activate|p1a: Aromatisse|move: Protect
|
|upkeep
|turn|18
|
|switch|p1a: Excadrill|Excadrill, L75, M|289\/289
|-damage|p1a: Excadrill|280\/289|[from] Stealth Rock
|-ability|p1a: Excadrill|Mold Breaker
|-item|p1a: Excadrill|Air Balloon
|move|p2a: Beedrill|Poison Jab|p1a: Excadrill
|-immune|p1a: Excadrill|[msg]
|
|upkeep
|turn|19
|
|move|p2a: Beedrill|Knock Off|p1a: Excadrill
|-damage|p1a: Excadrill|166\/289
|-enditem|p1a: Excadrill|Air Balloon
|move|p1a: Excadrill|Rapid Spin|p2a: Beedrill
|-damage|p2a: Beedrill|150\/227
|-sideend|p1: 35Q71N|Stealth Rock|[from] move: Rapid Spin|[of] p1a: Excadrill
|
|upkeep
|turn|20
|
|move|p2a: Beedrill|Drill Run|p1a: Excadrill
|-supereffective|p1a: Excadrill
|-damage|p1a: Excadrill|0 fnt
|faint|p1a: Excadrill
|
|upkeep
|
|switch|p1a: Empoleon|Empoleon, L77, M|256\/256
|-item|p1a: Empoleon|Air Balloon
|turn|21
|
|move|p2a: Beedrill|Knock Off|p1a: Empoleon
|-damage|p1a: Empoleon|166\/256
|-enditem|p1a: Empoleon|Air Balloon
|move|p1a: Empoleon|Scald|p2a: Beedrill
|-damage|p2a: Beedrill|57\/227
|-status|p2a: Beedrill|brn
|
|-damage|p2a: Beedrill|43\/227 brn|[from] brn
|upkeep
|turn|22
|
|switch|p1a: Aromatisse|Aromatisse, L82, M|300\/300
|move|p2a: Beedrill|Drill Run|p1a: Aromatisse
|-crit|p1a: Aromatisse
|-damage|p1a: Aromatisse|243\/300
|
|-heal|p1a: Aromatisse|261\/300|[from] item: Leftovers
|-damage|p2a: Beedrill|29\/227 brn|[from] brn
|upkeep
|turn|23
|
|move|p1a: Aromatisse|Protect|p1a: Aromatisse
|-singleturn|p1a: Aromatisse|Protect
|move|p2a: Beedrill|Drill Run|p1a: Aromatisse
|-activate|p1a: Aromatisse|move: Protect
|
|-heal|p1a: Aromatisse|279\/300|[from] item: Leftovers
|-damage|p2a: Beedrill|15\/227 brn|[from] brn
|upkeep
|turn|24
|
|switch|p1a: Empoleon|Empoleon, L77, M|166\/256
|move|p2a: Beedrill|Swords Dance|p2a: Beedrill
|-boost|p2a: Beedrill|atk|2
|
|-damage|p2a: Beedrill|1\/227 brn|[from] brn
|upkeep
|turn|25
|
|switch|p1a: Smeargle|Smeargle, L83, M|227\/227
|move|p2a: Beedrill|Drill Run|p1a: Smeargle
|-damage|p1a: Smeargle|103\/227
|
|-damage|p2a: Beedrill|0 fnt|[from] brn
|upkeep
|faint|p2a: Beedrill
|
|switch|p2a: Lugia|Lugia, L73|275\/275
|turn|26
|
|move|p2a: Lugia|Aeroblast|p1a: Smeargle
|-crit|p1a: Smeargle
|-damage|p1a: Smeargle|0 fnt
|faint|p1a: Smeargle
|
|upkeep
|
|switch|p1a: Aromatisse|Aromatisse, L82, M|279\/300
|turn|27
|
|switch|p2a: Wormadam|Wormadam-Sandy, L83, F|235\/235
|move|p1a: Aromatisse|Wish|p1a: Aromatisse
|
|-heal|p1a: Aromatisse|297\/300|[from] item: Leftovers
|upkeep
|turn|28
|
|move|p2a: Wormadam|Stealth Rock|p1a: Aromatisse
|-sidestart|p1: 35Q71N|move: Stealth Rock
|move|p1a: Aromatisse|Moonblast|p2a: Wormadam
|-damage|p2a: Wormadam|139\/235
|
|-heal|p1a: Aromatisse|300\/300|[from] move: Wish|[wisher] Aromatisse
|-heal|p2a: Wormadam|153\/235|[from] item: Leftovers
|upkeep
|turn|29
|
|move|p2a: Wormadam|Toxic|p1a: Aromatisse
|-status|p1a: Aromatisse|tox
|move|p1a: Aromatisse|Moonblast|p2a: Wormadam
|-crit|p2a: Wormadam
|-damage|p2a: Wormadam|0 fnt
|faint|p2a: Wormadam
|
|-damage|p1a: Aromatisse|282\/300 tox|[from] psn
|upkeep
|
|switch|p2a: Necrozma|Necrozma-Dawn-Wings, L73|262\/262
|turn|30
|
|move|p2a: Necrozma|Calm Mind|p2a: Necrozma
|-boost|p2a: Necrozma|spa|1
|-boost|p2a: Necrozma|spd|1
|move|p1a: Aromatisse|Moonblast|p2a: Necrozma
|-damage|p2a: Necrozma|208\/262
|
|-heal|p1a: Aromatisse|300\/300 tox|[from] item: Leftovers
|-damage|p1a: Aromatisse|264\/300 tox|[from] psn
|upkeep
|turn|31
|
|move|p2a: Necrozma|Calm Mind|p2a: Necrozma
|-boost|p2a: Necrozma|spa|1
|-boost|p2a: Necrozma|spd|1
|move|p1a: Aromatisse|Moonblast|p2a: Necrozma
|-damage|p2a: Necrozma|163\/262
|
|-heal|p1a: Aromatisse|282\/300 tox|[from] item: Leftovers
|-damage|p1a: Aromatisse|228\/300 tox|[from] psn
|upkeep
|turn|32
|
|move|p2a: Necrozma|Photon Geyser|p1a: Aromatisse
|-damage|p1a: Aromatisse|5\/300 tox
|move|p1a: Aromatisse|Moonblast|p2a: Necrozma
|-damage|p2a: Necrozma|118\/262
|-unboost|p2a: Necrozma|spa|1
|
|-heal|p1a: Aromatisse|23\/300 tox|[from] item: Leftovers
|-damage|p1a: Aromatisse|0 fnt|[from] psn
|upkeep
|faint|p1a: Aromatisse
|
|switch|p1a: Empoleon|Empoleon, L77, M|166\/256
|-damage|p1a: Empoleon|150\/256|[from] Stealth Rock
|turn|33
|
|move|p2a: Necrozma|Moongeist Beam|p1a: Empoleon
|-damage|p1a: Empoleon|0 fnt
|faint|p1a: Empoleon
|
|win|random jawline
</script>
</div>
<div class="battle-log battle-log-inline"><div class="inner"><div class="battle-options"></div><div class="inner message-log"><div class="chat"><small>☆35Q71N and ☆random jawline joined</small></div><div class=""><small>Format:</small> <br><strong>[Gen 7] Random Battle</strong></div><div class="rated"><strong>Rated battle</strong></div><div class=""><small><em>Sleep Clause Mod:</em> Limit one foe put to sleep</small></div><div class=""><small><em>HP Percentage Mod:</em> HP is shown in percentages</small></div><div class="spacer battle-history"><br></div><div class="battle-history">Battle started between 35Q71N and random jawline!<br></div><div class="spacer battle-history"><br></div><div class="battle-history">Go! <strong>Aromatisse</strong>!<br></div><div class="spacer battle-history"><br></div><div class="battle-history">random jawline sent out Meowstic (<strong>Meowstic-F</strong>)!<br></div><div class="spacer battle-history"><br></div><h2 class="battle-history">Turn 1</h2><div class="chat message-error">Battle timer is ON: inactive players will automatically lose when time's up. (requested by random jawline)</div><div class="spacer battle-history"><br></div><div class="battle-history">The opposing Meowstic used <strong>Calm Mind</strong>!<br></div><div class="battle-history"><small>The opposing Meowstic's Sp. Atk rose!</small><br></div><div class="battle-history"><small>The opposing Meowstic's Sp. Def rose!</small><br></div><div class="spacer battle-history"><br></div><div class="battle-history">Aromatisse used <strong>Wish</strong>!<br></div><div class="spacer battle-history"><br></div><h2 class="battle-history">Turn 2</h2><div class="chat message-error">35Q71N has 120 seconds left.</div><div class="spacer battle-history"><br></div><div class="battle-history">Aromatisse, come back!<br></div><div class="battle-history">Go! <strong>Banette</strong>!<br></div><div class="spacer battle-history"><br></div><div class="battle-history">The opposing Meowstic used <strong>Calm Mind</strong>!<br></div><div class="battle-history"><small>The opposing Meowstic's Sp. Atk rose!</small><br></div><div class="battle-history"><small>The opposing Meowstic's Sp. Def rose!</small><br></div><div class="spacer battle-history"><br></div><h2 class="battle-history">Turn 3</h2><div class="spacer battle-history"><br></div><div class="battle-history"><small>Banette's Banettite is reacting to the Key Stone!</small><br>Banette has Mega Evolved into Mega Banette!<br></div><div class="spacer battle-history"><br></div><div class="battle-history">The opposing Meowstic used <strong>Thunderbolt</strong>!<br></div><div class="battle-history"><small>(Banette lost <abbr title="−129/231">55.8%</abbr> of its health!)</small><br></div><div class="spacer battle-history"><br></div><div class="battle-history">Banette used <strong>Shadow Claw</strong>!<br></div><div class="battle-history"><small>It's super effective!</small><br></div><div class="battle-history"><small>(The opposing Meowstic lost <abbr title="−234/259">90.3%</abbr> of its health!)</small><br></div><div class="spacer battle-history"><br></div><h2 class="battle-history">Turn 4</h2><div class="spacer battle-history"><br></div><div class="battle-history">The opposing Meowstic used <strong>Psyshock</strong>!<br></div><div class="battle-history"><small>(Banette lost <abbr title="−102/231">44.2%</abbr> of its health!)</small><br></div><div class="spacer battle-history"><br></div><div class="battle-history">Banette fainted!<br></div><div class="spacer battle-history"><br></div><div class="battle-history">Go! <strong>Samurott</strong>!<br></div><div class="spacer battle-history"><br></div><h2 class="battle-history">Turn 5</h2><div class="spacer battle-history"><br></div><div class="battle-history">Samurott used <strong>Aqua Jet</strong>!<br></div><div class="battle-history"><small>(The opposing Meowstic lost <abbr title="−25/259">9.7%</abbr> of its health!)</small><br></div><div class="battle-history"><small>Samurott lost some of its HP!</small><br></div><div class="spacer battle-history"><br></div><div class="battle-history">The opposing Meowstic fainted!<br></div><div class="spacer battle-history"><br></div><div class="battle-history">random jawline sent out <strong>Empoleon</strong>!<br></div><div class="spacer battle-history"><br></div><h2 class="battle-history">Turn 6</h2><div class="spacer battle-history"><br></div><div class="battle-history">Samurott used <strong>Sacred Sword</strong>!<br></div><div class="battle-history"><small>It's super effective!</small><br></div><div class="battle-history"><small>(The opposing Empoleon lost <abbr title="−169/256">66.0%</abbr> of its health!)</small><br></div><div class="battle-history"><small>Samurott lost some of its HP!</small><br></div><div class="spacer battle-history"><br></div><div class="battle-history">The opposing Empoleon used <strong>Stealth Rock</strong>!<br></div><div class="battle-history"><small>Pointed stones float in the air around your team!</small><br></div><div class="spacer battle-history"><br></div><h2 class="battle-history">Turn 7</h2><div class="spacer battle-history"><br></div><div class="battle-history">Samurott used <strong>Sacred Sword</strong>!<br></div><div class="battle-history"><small>It's super effective!</small><br></div><div class="battle-history"><small>(The opposing Empoleon lost <abbr title="−87/256">34.0%</abbr> of its health!)</small><br></div><div class="battle-history"><small>Samurott lost some of its HP!</small><br></div><div class="spacer battle-history"><br></div><div class="battle-history">The opposing Empoleon fainted!<br></div><div class="spacer battle-history"><br></div><div class="battle-history">random jawline sent out <strong>Lugia</strong>!<br></div><div class="spacer battle-history"><br></div><h2 class="battle-history">Turn 8</h2><div class="spacer battle-history"><br></div><div class="battle-history">The opposing Lugia used <strong>Substitute</strong>!<br></div><div class="battle-history"><small>The opposing Lugia put in a substitute!</small><br></div><div class="battle-history"><small>(The opposing Lugia lost <abbr title="−68/275">24.7%</abbr> of its health!)</small><br></div><div class="spacer battle-history"><br></div><div class="battle-history">Samurott used <strong>Liquidation</strong>!<br></div><div class="battle-history"><small>The opposing Lugia's substitute faded!</small><br></div><div class="battle-history"><small>Samurott lost some of its HP!</small><br></div><div class="spacer battle-history"><br></div><div class="battle-history"><small>The opposing Lugia restored a little HP using its Leftovers!</small><br></div><div class="spacer battle-history"><br></div><h2 class="battle-history">Turn 9</h2><div class="spacer battle-history"><br></div><div class="battle-history">The opposing Lugia used <strong>Substitute</strong>!<br></div><div class="battle-history"><small>The opposing Lugia put in a substitute!</small><br></div><div class="battle-history"><small>(The opposing Lugia lost <abbr title="−68/275">24.7%</abbr> of its health!)</small><br></div><div class="spacer battle-history"><br></div><div class="battle-history">Samurott used <strong>Swords Dance</strong>!<br></div><div class="battle-history"><small>Samurott's Attack rose sharply!</small><br></div><div class="spacer battle-history"><br></div><div class="battle-history"><small>The opposing Lugia restored a little HP using its Leftovers!</small><br></div><div class="spacer battle-history"><br></div><h2 class="battle-history">Turn 10</h2><div class="spacer battle-history"><br></div><div class="battle-history">The opposing Lugia used <strong>Aeroblast</strong>!<br></div><div class="battle-history"><small>(Samurott lost <abbr title="−94/290">32.4%</abbr> of its health!)</small><br></div><div class="spacer battle-history"><br></div><div class="battle-history">Samurott used <strong>Liquidation</strong>!<br></div><div class="battle-history"><small>The opposing Lugia's substitute faded!</small><br></div><div class="battle-history"><small>Samurott lost some of its HP!</small><br></div><div class="spacer battle-history"><br></div><div class="battle-history"><small>The opposing Lugia restored a little HP using its Leftovers!</small><br></div><div class="spacer battle-history"><br></div><h2 class="battle-history">Turn 11</h2><div class="spacer battle-history"><br></div><div class="battle-history">The opposing Lugia used <strong>Aeroblast</strong>!<br></div><div class="battle-history"><small>(Samurott lost <abbr title="−51/290">17.6%</abbr> of its health!)</small><br></div><div class="spacer battle-history"><br></div><div class="battle-history">Samurott fainted!<br></div><div class="spacer battle-history"><br></div><div class="battle-history"><small>The opposing Lugia restored a little HP using its Leftovers!</small><br></div><div class="spacer battle-history"><br></div><div class="battle-history">Go! <strong>Aromatisse</strong>!<br></div><div class="battle-history"><small>Pointed stones dug into Aromatisse!</small><br></div><div class="spacer battle-history"><br></div><h2 class="battle-history">Turn 12</h2><div class="spacer battle-history"><br></div><div class="battle-history">The opposing Lugia used <strong>Thunder Wave</strong>!<br></div><div class="battle-history"><small>Aromatisse avoided the attack!</small><br></div><div class="spacer battle-history"><br></div><div class="battle-history">Aromatisse used <strong>Wish</strong>!<br></div><div class="spacer battle-history"><br></div><div class="battle-history"><small>The opposing Lugia restored a little HP using its Leftovers!</small><br></div><div class="battle-history"><small>Aromatisse restored a little HP using its Leftovers!</small><br></div><div class="spacer battle-history"><br></div><h2 class="battle-history">Turn 13</h2><div class="spacer battle-history"><br></div><div class="battle-history">The opposing Lugia used <strong>Substitute</strong>!<br></div><div class="battle-history"><small>The opposing Lugia put in a substitute!</small><br></div><div class="battle-history"><small>(The opposing Lugia lost <abbr title="−68/275">24.7%</abbr> of its health!)</small><br></div><div class="spacer battle-history"><br></div><div class="battle-history">Aromatisse used <strong>Moonblast</strong>!<br></div><div class="battle-history"><small>The opposing Lugia's substitute faded!</small><br></div><div class="spacer battle-history"><br></div><div class="battle-history"><small>Aromatisse's wish came true!</small><br></div><div class="battle-history"><small>The opposing Lugia restored a little HP using its Leftovers!</small><br></div><div class="spacer battle-history"><br></div><h2 class="battle-history">Turn 14</h2><div class="spacer battle-history"><br></div><div class="battle-history">The opposing Lugia used <strong>Thunder Wave</strong>!<br></div><div class="battle-history"><small>Aromatisse is paralyzed! It may be unable to move!</small><br></div><div class="spacer battle-history"><br></div><div class="battle-history">Aromatisse used <strong>Wish</strong>!<br></div><div class="spacer battle-history"><br></div><div class="battle-history"><small>The opposing Lugia restored a little HP using its Leftovers!</small><br></div><div class="spacer battle-history"><br></div><h2 class="battle-history">Turn 15</h2><div class="spacer battle-history"><br></div><div class="battle-history">The opposing Lugia used <strong>Roost</strong>!<br></div><div class="battle-history"><small>The opposing Lugia had its HP restored.</small><br></div><div class="spacer battle-history"><br></div><div class="battle-history">Aromatisse used <strong>Aromatherapy</strong>!<br></div><div class="battle-history"><small>A soothing aroma wafted through the area!</small><br></div><div class="battle-history"><small>Aromatisse was cured of paralysis!</small><br></div><div class="spacer battle-history"><br></div><h2 class="battle-history">Turn 16</h2><div class="spacer battle-history"><br></div><div class="battle-history">random jawline withdrew Lugia!<br></div><div class="battle-history">random jawline sent out <strong>Beedrill</strong>!<br></div><div class="spacer battle-history"><br></div><div class="battle-history">Aromatisse used <strong>Moonblast</strong>!<br></div><div class="battle-history"><small>It's not very effective...</small><br></div><div class="battle-history"><small>(The opposing Beedrill lost <abbr title="−51/227">22.5%</abbr> of its health!)</small><br></div><div class="spacer battle-history"><br></div><h2 class="battle-history">Turn 17</h2><div class="spacer battle-history"><br></div><div class="battle-history"><small>The opposing Beedrill's Beedrillite is reacting to the Key Stone!</small><br>The opposing Beedrill has Mega Evolved into Mega Beedrill!<br></div><div class="spacer battle-history"><br></div><div class="battle-history">Aromatisse used <strong>Protect</strong>!<br></div><div class="battle-history"><small>Aromatisse protected itself!</small><br></div><div class="spacer battle-history"><br></div><div class="battle-history">The opposing Beedrill used <strong>Poison Jab</strong>!<br></div><div class="battle-history"><small>Aromatisse protected itself!</small><br></div><div class="spacer battle-history"><br></div><h2 class="battle-history">Turn 18</h2><div class="spacer battle-history"><br></div><div class="battle-history">Aromatisse, come back!<br></div><div class="battle-history">Go! <strong>Excadrill</strong>!<br></div><div class="battle-history"><small>Pointed stones dug into Excadrill!</small><br></div><div class="battle-history">[Excadrill's Mold Breaker]<br><small>Excadrill breaks the mold!</small><br></div><div class="battle-history"><small>Excadrill floats in the air with its Air Balloon!</small><br></div><div class="spacer battle-history"><br></div><div class="battle-history">The opposing Beedrill used <strong>Poison Jab</strong>!<br></div><div class="battle-history"><small>It doesn't affect Excadrill...</small><br></div><div class="spacer battle-history"><br></div><h2 class="battle-history">Turn 19</h2><div class="spacer battle-history"><br></div><div class="battle-history">The opposing Beedrill used <strong>Knock Off</strong>!<br></div><div class="battle-history"><small>(Excadrill lost <abbr title="−114/289">39.4%</abbr> of its health!)</small><br></div><div class="battle-history"><small>Excadrill's Air Balloon popped!</small><br></div><div class="spacer battle-history"><br></div><div class="battle-history">Excadrill used <strong>Rapid Spin</strong>!<br></div><div class="battle-history"><small>(The opposing Beedrill lost <abbr title="−26/227">11.5%</abbr> of its health!)</small><br></div><div class="battle-history"><small>The pointed stones disappeared from around your team!</small><br></div><div class="spacer battle-history"><br></div><h2 class="battle-history">Turn 20</h2><div class="spacer battle-history"><br></div><div class="battle-history">The opposing Beedrill used <strong>Drill Run</strong>!<br></div><div class="battle-history"><small>It's super effective!</small><br></div><div class="battle-history"><small>(Excadrill lost <abbr title="−166/289">57.4%</abbr> of its health!)</small><br></div><div class="spacer battle-history"><br></div><div class="battle-history">Excadrill fainted!<br></div><div class="spacer battle-history"><br></div><div class="battle-history">Go! <strong>Empoleon</strong>!<br></div><div class="battle-history"><small>Empoleon floats in the air with its Air Balloon!</small><br></div><div class="spacer battle-history"><br></div><h2 class="battle-history">Turn 21</h2><div class="spacer battle-history"><br></div><div class="battle-history">The opposing Beedrill used <strong>Knock Off</strong>!<br></div><div class="battle-history"><small>(Empoleon lost <abbr title="−90/256">35.2%</abbr> of its health!)</small><br></div><div class="battle-history"><small>Empoleon's Air Balloon popped!</small><br></div><div class="spacer battle-history"><br></div><div class="battle-history">Empoleon used <strong>Scald</strong>!<br></div><div class="battle-history"><small>(The opposing Beedrill lost <abbr title="−93/227">41.0%</abbr> of its health!)</small><br></div><div class="battle-history"><small>The opposing Beedrill was burned!</small><br></div><div class="spacer battle-history"><br></div><div class="battle-history"><small>The opposing Beedrill was hurt by its burn!</small><br></div><div class="spacer battle-history"><br></div><h2 class="battle-history">Turn 22</h2><div class="spacer battle-history"><br></div><div class="battle-history">Empoleon, come back!<br></div><div class="battle-history">Go! <strong>Aromatisse</strong>!<br></div><div class="spacer battle-history"><br></div><div class="battle-history">The opposing Beedrill used <strong>Drill Run</strong>!<br></div><div class="battle-history"><small>A critical hit!</small><br></div><div class="battle-history"><small>(Aromatisse lost <abbr title="−57/300">19%</abbr> of its health!)</small><br></div><div class="spacer battle-history"><br></div><div class="battle-history"><small>Aromatisse restored a little HP using its Leftovers!</small><br></div><div class="battle-history"><small>The opposing Beedrill was hurt by its burn!</small><br></div><div class="spacer battle-history"><br></div><h2 class="battle-history">Turn 23</h2><div class="spacer battle-history"><br></div><div class="battle-history">Aromatisse used <strong>Protect</strong>!<br></div><div class="battle-history"><small>Aromatisse protected itself!</small><br></div><div class="spacer battle-history"><br></div><div class="battle-history">The opposing Beedrill used <strong>Drill Run</strong>!<br></div><div class="battle-history"><small>Aromatisse protected itself!</small><br></div><div class="spacer battle-history"><br></div><div class="battle-history"><small>Aromatisse restored a little HP using its Leftovers!</small><br></div><div class="battle-history"><small>The opposing Beedrill was hurt by its burn!</small><br></div><div class="spacer battle-history"><br></div><h2 class="battle-history">Turn 24</h2><div class="spacer battle-history"><br></div><div class="battle-history">Aromatisse, come back!<br></div><div class="battle-history">Go! <strong>Empoleon</strong>!<br></div><div class="spacer battle-history"><br></div><div class="battle-history">The opposing Beedrill used <strong>Swords Dance</strong>!<br></div><div class="battle-history"><small>The opposing Beedrill's Attack rose sharply!</small><br></div><div class="spacer battle-history"><br></div><div class="battle-history"><small>The opposing Beedrill was hurt by its burn!</small><br></div><div class="spacer battle-history"><br></div><h2 class="battle-history">Turn 25</h2><div class="spacer battle-history"><br></div><div class="battle-history">Empoleon, come back!<br></div><div class="battle-history">Go! <strong>Smeargle</strong>!<br></div><div class="spacer battle-history"><br></div><div class="battle-history">The opposing Beedrill used <strong>Drill Run</strong>!<br></div><div class="battle-history"><small>(Smeargle lost <abbr title="−124/227">54.6%</abbr> of its health!)</small><br></div><div class="spacer battle-history"><br></div><div class="battle-history"><small>The opposing Beedrill was hurt by its burn!</small><br></div><div class="spacer battle-history"><br></div><div class="battle-history">The opposing Beedrill fainted!<br></div><div class="spacer battle-history"><br></div><div class="battle-history">random jawline sent out <strong>Lugia</strong>!<br></div><div class="spacer battle-history"><br></div><h2 class="battle-history">Turn 26</h2><div class="spacer battle-history"><br></div><div class="battle-history">The opposing Lugia used <strong>Aeroblast</strong>!<br></div><div class="battle-history"><small>A critical hit!</small><br></div><div class="battle-history"><small>(Smeargle lost <abbr title="−103/227">45.4%</abbr> of its health!)</small><br></div><div class="spacer battle-history"><br></div><div class="battle-history">Smeargle fainted!<br></div><div class="spacer battle-history"><br></div><div class="battle-history">Go! <strong>Aromatisse</strong>!<br></div><div class="spacer battle-history"><br></div><h2 class="battle-history">Turn 27</h2><div class="spacer battle-history"><br></div><div class="battle-history">random jawline withdrew Lugia!<br></div><div class="battle-history">random jawline sent out Wormadam (<strong>Wormadam-Sandy</strong>)!<br></div><div class="spacer battle-history"><br></div><div class="battle-history">Aromatisse used <strong>Wish</strong>!<br></div><div class="spacer battle-history"><br></div><div class="battle-history"><small>Aromatisse restored a little HP using its Leftovers!</small><br></div><div class="spacer battle-history"><br></div><h2 class="battle-history">Turn 28</h2><div class="spacer battle-history"><br></div><div class="battle-history">The opposing Wormadam used <strong>Stealth Rock</strong>!<br></div><div class="battle-history"><small>Pointed stones float in the air around your team!</small><br></div><div class="spacer battle-history"><br></div><div class="battle-history">Aromatisse used <strong>Moonblast</strong>!<br></div><div class="battle-history"><small>(The opposing Wormadam lost <abbr title="−96/235">40.9%</abbr> of its health!)</small><br></div><div class="spacer battle-history"><br></div><div class="battle-history"><small>Aromatisse's wish came true!</small><br></div><div class="battle-history"><small>The opposing Wormadam restored a little HP using its Leftovers!</small><br></div><div class="spacer battle-history"><br></div><h2 class="battle-history">Turn 29</h2><div class="spacer battle-history"><br></div><div class="battle-history">The opposing Wormadam used <strong>Toxic</strong>!<br></div><div class="battle-history"><small>Aromatisse was badly poisoned!</small><br></div><div class="spacer battle-history"><br></div><div class="battle-history">Aromatisse used <strong>Moonblast</strong>!<br></div><div class="battle-history"><small>A critical hit!</small><br></div><div class="battle-history"><small>(The opposing Wormadam lost <abbr title="−153/235">65.1%</abbr> of its health!)</small><br></div><div class="spacer battle-history"><br></div><div class="battle-history">The opposing Wormadam fainted!<br></div><div class="spacer battle-history"><br></div><div class="battle-history"><small>Aromatisse was hurt by poison!</small><br></div><div class="spacer battle-history"><br></div><div class="battle-history">random jawline sent out Necrozma (<strong>Necrozma-Dawn-Wings</strong>)!<br></div><div class="spacer battle-history"><br></div><h2 class="battle-history">Turn 30</h2><div class="spacer battle-history"><br></div><div class="battle-history">The opposing Necrozma used <strong>Calm Mind</strong>!<br></div><div class="battle-history"><small>The opposing Necrozma's Sp. Atk rose!</small><br></div><div class="battle-history"><small>The opposing Necrozma's Sp. Def rose!</small><br></div><div class="spacer battle-history"><br></div><div class="battle-history">Aromatisse used <strong>Moonblast</strong>!<br></div><div class="battle-history"><small>(The opposing Necrozma lost <abbr title="−54/262">20.6%</abbr> of its health!)</small><br></div><div class="spacer battle-history"><br></div><div class="battle-history"><small>Aromatisse restored a little HP using its Leftovers!</small><br></div><div class="battle-history"><small>Aromatisse was hurt by poison!</small><br></div><div class="spacer battle-history"><br></div><h2 class="battle-history">Turn 31</h2><div class="spacer battle-history"><br></div><div class="battle-history">The opposing Necrozma used <strong>Calm Mind</strong>!<br></div><div class="battle-history"><small>The opposing Necrozma's Sp. Atk rose!</small><br></div><div class="battle-history"><small>The opposing Necrozma's Sp. Def rose!</small><br></div><div class="spacer battle-history"><br></div><div class="battle-history">Aromatisse used <strong>Moonblast</strong>!<br></div><div class="battle-history"><small>(The opposing Necrozma lost <abbr title="−45/262">17.2%</abbr> of its health!)</small><br></div><div class="spacer battle-history"><br></div><div class="battle-history"><small>Aromatisse restored a little HP using its Leftovers!</small><br></div><div class="battle-history"><small>Aromatisse was hurt by poison!</small><br></div><div class="spacer battle-history"><br></div><h2 class="battle-history">Turn 32</h2><div class="spacer battle-history"><br></div><div class="battle-history">The opposing Necrozma used <strong>Photon Geyser</strong>!<br></div><div class="battle-history"><small>(Aromatisse lost <abbr title="−223/300">74.3%</abbr> of its health!)</small><br></div><div class="spacer battle-history"><br></div><div class="battle-history">Aromatisse used <strong>Moonblast</strong>!<br></div><div class="battle-history"><small>(The opposing Necrozma lost <abbr title="−45/262">17.2%</abbr> of its health!)</small><br></div><div class="battle-history"><small>The opposing Necrozma's Sp. Atk fell!</small><br></div><div class="spacer battle-history"><br></div><div class="battle-history"><small>Aromatisse restored a little HP using its Leftovers!</small><br></div><div class="battle-history"><small>Aromatisse was hurt by poison!</small><br></div><div class="spacer battle-history"><br></div><div class="battle-history">Aromatisse fainted!<br></div><div class="spacer battle-history"><br></div><div class="battle-history">Go! <strong>Empoleon</strong>!<br></div><div class="battle-history"><small>Pointed stones dug into Empoleon!</small><br></div><div class="spacer battle-history"><br></div><h2 class="battle-history">Turn 33</h2><div class="spacer battle-history"><br></div><div class="battle-history">The opposing Necrozma used <strong>Moongeist Beam</strong>!<br></div><div class="battle-history"><small>(Empoleon lost <abbr title="−150/256">58.6%</abbr> of its health!)</small><br></div><div class="spacer battle-history"><br></div><div class="battle-history">Empoleon fainted!<br></div><div class="spacer battle-history"><br></div><div class="battle-history"><strong>random jawline</strong> won the battle!<br></div></div><div class="inner-preempt message-log"></div></div></div>
</div>
<script>
let daily = Math.floor(Date.now()/1000/60/60/24);document.write('<script src="https://play.pokemonshowdown.com/js/replay-embed.js?version'+daily+'"></'+'script>');
</script>
