<!DOCTYPE html>
<meta charset="utf-8" />
<!-- version 1 -->
<title>[Gen 7] Random Battle replay: fhcjjjjjh vs. nerein</title>
<style>
html,body {font-family:Verdana, sans-serif;font-size:10pt;margin:0;padding:0;}body{padding:12px 0;} .battle-log {font-family:Verdana, sans-serif;font-size:10pt;} .battle-log-inline {border:1px solid #AAAAAA;background:#EEF2F5;color:black;max-width:640px;margin:0 auto 80px;padding-bottom:5px;} .battle-log .inner {padding:4px 8px 0px 8px;} .battle-log .inner-preempt {padding:0 8px 4px 8px;} .battle-log .inner-after {margin-top:0.5em;} .battle-log h2 {margin:0.5em -8px;padding:4px 8px;border:1px solid #AAAAAA;background:#E0E7EA;border-left:0;border-right:0;font-family:Verdana, sans-serif;font-size:13pt;} .battle-log .chat {vertical-align:middle;padding:3px 0 3px 0;font-size:8pt;} .battle-log .chat strong {color:#40576A;} .battle-log .chat em {padding:1px 4px 1px 3px;color:#000000;font-style:normal;} .chat.mine {background:rgba(0,0,0,0.05);margin-left:-8px;margin-right:-8px;padding-left:8px;padding-right:8px;} .spoiler {color:#BBBBBB;background:#BBBBBB;padding:0px 3px;} .spoiler:hover, .spoiler:active, .spoiler-shown {color:#000000;background:#E2E2E2;padding:0px 3px;} .spoiler a {color:#BBBBBB;} .spoiler:hover a, .spoiler:active a, .spoiler-shown a {color:#2288CC;} .chat code, .chat .spoiler:hover code, .chat .spoiler:active code, .chat .spoiler-shown code {border:1px solid #C0C0C0;background:#EEEEEE;color:black;padding:0 2px;} .chat .spoiler code {border:1px solid #CCCCCC;background:#CCCCCC;color:#CCCCCC;} .battle-log .rated {padding:3px 4px;} .battle-log .rated strong {color:white;background:#89A;padding:1px 4px;border-radius:4px;} .spacer {margin-top:0.5em;} .message-announce {background:#6688AA;color:white;padding:1px 4px 2px;} .message-announce a, .broadcast-green a, .broadcast-blue a, .broadcast-red a {color:#DDEEFF;} .broadcast-green {background-color:#559955;color:white;padding:2px 4px;} .broadcast-blue {background-color:#6688AA;color:white;padding:2px 4px;} .infobox {border:1px solid #6688AA;padding:2px 4px;} .infobox-limited {max-height:200px;overflow:auto;overflow-x:hidden;} .broadcast-red {background-color:#AA5544;color:white;padding:2px 4px;} .message-learn-canlearn {font-weight:bold;color:#228822;text-decoration:underline;} .message-learn-cannotlearn {font-weight:bold;color:#CC2222;text-decoration:underline;} .message-effect-weak {font-weight:bold;color:#CC2222;} .message-effect-resist {font-weight:bold;color:#6688AA;} .message-effect-immune {font-weight:bold;color:#666666;} .message-learn-list {margin-top:0;margin-bottom:0;} .message-throttle-notice, .message-error {color:#992222;} .message-overflow, .chat small.message-overflow {font-size:0pt;} .message-overflow::before {font-size:9pt;content:'...';} .subtle {color:#3A4A66;}
</style>
<div class="wrapper replay-wrapper" style="max-width:1180px;margin:0 auto">
<input type="hidden" name="replayid" value="gen7randombattle-2110269756" />
<div class="battle"></div><div class="battle-log"></div><div class="replay-controls"></div><div class="replay-controls-2"></div>
<h1 style="font-weight:normal;text-align:center"><strong>[Gen 7] Random Battle</strong><br /><a href="http://pokemonshowdown.com/users/fhcjjjjjh" class="subtle" target="_blank">fhcjjjjjh</a> vs. <a href="http://pokemonshowdown.com/users/nerein" class="subtle" target="_blank">nerein</a></h1>
<script type="text/plain" class="battle-log-data">|uhtml|medal-msg|<div class="broadcast-blue">Curious what those medals under the avatar are? PS now has Ladder Seasons! For more information, check out the <a href="https:\/\/www.smogon.com\/forums\/threads\/3740067\/">thread on Smogon.<\/a><\/div>
|uhtml|medal-msg|<div class="broadcast-blue">Curious what those medals under the avatar are? PS now has Ladder Seasons! For more information, check out the <a href="https:\/\/www.smogon.com\/forums\/threads\/3740067\/">thread on Smogon.<\/a><\/div>
|j|☆fhcjjjjjh
|j|☆nerein
|t:|1713929684
|gametype|singles
|player|p1|fhcjjjjjh|169|1083
|player|p2|nerein|101|1098
|teamsize|p1|6
|teamsize|p2|6
|gen|7
|tier|[Gen 7] Random Battle
|rated|
|rule|Sleep Clause Mod: Limit one foe put to sleep
|rule|HP Percentage Mod: HP is shown in percentages
|rule|Illusion Level Mod: Illusion disguises the Pokémon's true level
|
|t:|1713929684
|start
|switch|p1a: Staraptor|Staraptor, L81, M|270\/270
|switch|p2a: Florges|Florges-Orange, L85, F|271\/271
|turn|1
|inactive|Battle timer is ON: inactive players will automatically lose when time's up. (requested by fhcjjjjjh)
|
|t:|1713929699
|switch|p2a: Silvally|Silvally-Ice, L87|307\/307
|move|p1a: Staraptor|Brave Bird|p2a: Silvally
|-damage|p2a: Silvally|96\/307
|-damage|p1a: Staraptor|200\/270|[from] Recoil
|
|upkeep
|turn|2
|
|t:|1713929715
|switch|p1a: Clefable|Clefable, L83, F|293\/293
|move|p2a: Silvally|Multi-Attack|p1a: Clefable
|-damage|p1a: Clefable|167\/293
|
|upkeep
|turn|3
|
|t:|1713929724
|move|p2a: Silvally|Thunderbolt|p1a: Clefable
|-damage|p1a: Clefable|98\/293
|move|p1a: Clefable|Fire Blast|p2a: Silvally
|-supereffective|p2a: Silvally
|-damage|p2a: Silvally|0 fnt
|faint|p2a: Silvally
|
|upkeep
|
|t:|1713929746
|switch|p2a: Parasect|Parasect, L97, M|273\/273
|turn|4
|
|t:|1713929761
|move|p1a: Clefable|Fire Blast|p2a: Parasect
|-supereffective|p2a: Parasect
|-damage|p2a: Parasect|0 fnt
|faint|p2a: Parasect
|
|upkeep
|
|t:|1713929783
|switch|p2a: Absol|Absol, L82, M|241\/241
|turn|5
|
|t:|1713929788
|detailschange|p2a: Absol|Absol-Mega, L82, M
|-mega|p2a: Absol|Absol|Absolite
|move|p2a: Absol|Fire Blast|p1a: Clefable
|-damage|p1a: Clefable|17\/293
|move|p1a: Clefable|Moonblast|p2a: Absol
|-supereffective|p2a: Absol
|-damage|p2a: Absol|0 fnt
|faint|p2a: Absol
|
|upkeep
|
|t:|1713929796
|switch|p2a: Florges|Florges-Orange, L85, F|271\/271
|turn|6
|
|t:|1713929807
|move|p2a: Florges|Moonblast|p1a: Clefable
|-damage|p1a: Clefable|0 fnt
|faint|p1a: Clefable
|
|upkeep
|
|t:|1713929816
|switch|p1a: Kartana|Kartana, L74|209\/209
|turn|7
|
|t:|1713929827
|move|p1a: Kartana|Smart Strike|p2a: Florges
|-supereffective|p2a: Florges
|-damage|p2a: Florges|0 fnt
|faint|p2a: Florges
|-ability|p1a: Kartana|Beast Boost|boost
|-boost|p1a: Kartana|atk|1
|-damage|p1a: Kartana|189\/209|[from] item: Life Orb
|
|upkeep
|
|t:|1713929833
|switch|p2a: Turtonator|Turtonator, L88, F|249\/249
|turn|8
|
|t:|1713929839
|move|p1a: Kartana|Knock Off|p2a: Turtonator
|-damage|p2a: Turtonator|126\/249
|-enditem|p2a: Turtonator|White Herb|[from] move: Knock Off|[of] p1a: Kartana
|-damage|p1a: Kartana|169\/209|[from] item: Life Orb
|move|p2a: Turtonator|Fire Blast|p1a: Kartana
|-supereffective|p1a: Kartana
|-damage|p1a: Kartana|0 fnt
|faint|p1a: Kartana
|
|upkeep
|
|t:|1713929857
|switch|p1a: Greninja|Greninja, L79, M|243\/243
|turn|9
|
|t:|1713929866
|switch|p2a: Tangrowth|Tangrowth, L88, M|319\/319
|move|p1a: Greninja|Hydro Pump|p2a: Tangrowth
|-start|p1a: Greninja|typechange|Water|[from] ability: Protean
|-resisted|p2a: Tangrowth
|-damage|p2a: Tangrowth|220\/319
|-damage|p1a: Greninja|219\/243|[from] item: Life Orb
|
|upkeep
|turn|10
|
|t:|1713929877
|move|p1a: Greninja|Ice Beam|p2a: Tangrowth
|-start|p1a: Greninja|typechange|Ice|[from] ability: Protean
|-supereffective|p2a: Tangrowth
|-damage|p2a: Tangrowth|0 fnt
|faint|p2a: Tangrowth
|-damage|p1a: Greninja|195\/243|[from] item: Life Orb
|
|upkeep
|c|☆nerein|go and commit suicide
|-message|nerein forfeited.
|
|win|fhcjjjjjh
</script>
</div>
<div class="battle-log battle-log-inline"><div class="inner"><div class="battle-options"></div><div class="inner message-log"><div class="notice uhtml-medalmsg"><div class="broadcast-blue">Curious what those medals under the avatar are? PS now has Ladder Seasons! For more information, check out the <a href="https://www.smogon.com/forums/threads/3740067/" target="_blank" rel="noopener">thread on Smogon.</a></div></div><div class="chat"><small>☆fhcjjjjjh and ☆nerein joined</small></div><div class=""><small>Format:</small> <br><strong>[Gen 7] Random Battle</strong></div><div class="rated"><strong>Rated battle</strong></div><div class=""><small><em>Sleep Clause Mod:</em> Limit one foe put to sleep</small></div><div class=""><small><em>HP Percentage Mod:</em> HP is shown in percentages</small></div><div class=""><small><em>Illusion Level Mod:</em> Illusion disguises the Pokémon's true level</small></div><div class="spacer battle-history"><br></div><div class="battle-history">Battle started between fhcjjjjjh and nerein!<br></div><div class="spacer battle-history"><br></div><div class="battle-history">Go! <strong>Staraptor</strong>!<br></div><div class="spacer battle-history"><br></div><div class="battle-history">nerein sent out Florges (<strong>Florges-Orange</strong>)!<br></div><div class="spacer battle-history"><br></div><h2 class="battle-history">Turn 1</h2><div class="chat message-error">Battle timer is ON: inactive players will automatically lose when time's up. (requested by fhcjjjjjh)</div><div class="spacer battle-history"><br></div><div class="battle-history">nerein withdrew Florges!<br></div><div class="battle-history">nerein sent out Silvally (<strong>Silvally-Ice</strong>)!<br></div><div class="spacer battle-history"><br></div><div class="battle-history">Staraptor used <strong>Brave Bird</strong>!<br></div><div class="battle-history"><small>(The opposing Silvally lost <abbr title="−211/307">68.7%</abbr> of its health!)</small><br></div><div class="battle-history"><small>Staraptor was damaged by the recoil!</small><br></div><div class="spacer battle-history"><br></div><h2 class="battle-history">Turn 2</h2><div class="spacer battle-history"><br></div><div class="battle-history">Staraptor, come back!<br></div><div class="battle-history">Go! <strong>Clefable</strong>!<br></div><div class="spacer battle-history"><br></div><div class="battle-history">The opposing Silvally used <strong>Multi-Attack</strong>!<br></div><div class="battle-history"><small>(Clefable lost <abbr title="−126/293">43.0%</abbr> of its health!)</small><br></div><div class="spacer battle-history"><br></div><h2 class="battle-history">Turn 3</h2><div class="spacer battle-history"><br></div><div class="battle-history">The opposing Silvally used <strong>Thunderbolt</strong>!<br></div><div class="battle-history"><small>(Clefable lost <abbr title="−69/293">23.5%</abbr> of its health!)</small><br></div><div class="spacer battle-history"><br></div><div class="battle-history">Clefable used <strong>Fire Blast</strong>!<br></div><div class="battle-history"><small>It's super effective!</small><br></div><div class="battle-history"><small>(The opposing Silvally lost <abbr title="−96/307">31.3%</abbr> of its health!)</small><br></div><div class="spacer battle-history"><br></div><div class="battle-history">The opposing Silvally fainted!<br></div><div class="spacer battle-history"><br></div><div class="battle-history">nerein sent out <strong>Parasect</strong>!<br></div><div class="spacer battle-history"><br></div><h2 class="battle-history">Turn 4</h2><div class="spacer battle-history"><br></div><div class="battle-history">Clefable used <strong>Fire Blast</strong>!<br></div><div class="battle-history"><small>It's super effective!</small><br></div><div class="battle-history"><small>(The opposing Parasect lost <abbr title="−273/273">100%</abbr> of its health!)</small><br></div><div class="spacer battle-history"><br></div><div class="battle-history">The opposing Parasect fainted!<br></div><div class="spacer battle-history"><br></div><div class="battle-history">nerein sent out <strong>Absol</strong>!<br></div><div class="spacer battle-history"><br></div><h2 class="battle-history">Turn 5</h2><div class="spacer battle-history"><br></div><div class="battle-history"><small>The opposing Absol's Absolite is reacting to the Key Stone!</small><br>The opposing Absol has Mega Evolved into Mega Absol!<br></div><div class="spacer battle-history"><br></div><div class="battle-history">The opposing Absol used <strong>Fire Blast</strong>!<br></div><div class="battle-history"><small>(Clefable lost <abbr title="−81/293">27.6%</abbr> of its health!)</small><br></div><div class="spacer battle-history"><br></div><div class="battle-history">Clefable used <strong>Moonblast</strong>!<br></div><div class="battle-history"><small>It's super effective!</small><br></div><div class="battle-history"><small>(The opposing Absol lost <abbr title="−241/241">100%</abbr> of its health!)</small><br></div><div class="spacer battle-history"><br></div><div class="battle-history">The opposing Absol fainted!<br></div><div class="spacer battle-history"><br></div><div class="battle-history">nerein sent out Florges (<strong>Florges-Orange</strong>)!<br></div><div class="spacer battle-history"><br></div><h2 class="battle-history">Turn 6</h2><div class="spacer battle-history"><br></div><div class="battle-history">The opposing Florges used <strong>Moonblast</strong>!<br></div><div class="battle-history"><small>(Clefable lost <abbr title="−17/293">5.8%</abbr> of its health!)</small><br></div><div class="spacer battle-history"><br></div><div class="battle-history">Clefable fainted!<br></div><div class="spacer battle-history"><br></div><div class="battle-history">Go! <strong>Kartana</strong>!<br></div><div class="spacer battle-history"><br></div><h2 class="battle-history">Turn 7</h2><div class="spacer battle-history"><br></div><div class="battle-history">Kartana used <strong>Smart Strike</strong>!<br></div><div class="battle-history"><small>It's super effective!</small><br></div><div class="battle-history"><small>(The opposing Florges lost <abbr title="−271/271">100%</abbr> of its health!)</small><br></div><div class="spacer battle-history"><br></div><div class="battle-history">The opposing Florges fainted!<br></div><div class="battle-history">[Kartana's Beast Boost]<br></div><div class="battle-history"><small>Kartana's Attack rose!</small><br></div><div class="battle-history"><small>Kartana lost some of its HP!</small><br></div><div class="spacer battle-history"><br></div><div class="battle-history">nerein sent out <strong>Turtonator</strong>!<br></div><div class="spacer battle-history"><br></div><h2 class="battle-history">Turn 8</h2><div class="spacer battle-history"><br></div><div class="battle-history">Kartana used <strong>Knock Off</strong>!<br></div><div class="battle-history"><small>(The opposing Turtonator lost <abbr title="−123/249">49.4%</abbr> of its health!)</small><br></div><div class="battle-history"><small>Kartana knocked off the opposing Turtonator's White Herb!</small><br></div><div class="battle-history"><small>Kartana lost some of its HP!</small><br></div><div class="spacer battle-history"><br></div><div class="battle-history">The opposing Turtonator used <strong>Fire Blast</strong>!<br></div><div class="battle-history"><small>It's super effective!</small><br></div><div class="battle-history"><small>(Kartana lost <abbr title="−169/209">80.9%</abbr> of its health!)</small><br></div><div class="spacer battle-history"><br></div><div class="battle-history">Kartana fainted!<br></div><div class="spacer battle-history"><br></div><div class="battle-history">Go! <strong>Greninja</strong>!<br></div><div class="spacer battle-history"><br></div><h2 class="battle-history">Turn 9</h2><div class="spacer battle-history"><br></div><div class="battle-history">nerein withdrew Turtonator!<br></div><div class="battle-history">nerein sent out <strong>Tangrowth</strong>!<br></div><div class="spacer battle-history"><br></div><div class="battle-history">Greninja used <strong>Hydro Pump</strong>!<br></div><div class="spacer battle-history"><br></div><div class="battle-history">[Greninja's Protean]<br><small>Greninja's type changed to Water!</small><br></div><div class="battle-history"><small>It's not very effective...</small><br></div><div class="battle-history"><small>(The opposing Tangrowth lost <abbr title="−99/319">31.0%</abbr> of its health!)</small><br></div><div class="battle-history"><small>Greninja lost some of its HP!</small><br></div><div class="spacer battle-history"><br></div><h2 class="battle-history">Turn 10</h2><div class="spacer battle-history"><br></div><div class="battle-history">Greninja used <strong>Ice Beam</strong>!<br></div><div class="spacer battle-history"><br></div><div class="battle-history">[Greninja's Protean]<br><small>Greninja's type changed to Ice!</small><br></div><div class="battle-history"><small>It's super effective!</small><br></div><div class="battle-history"><small>(The opposing Tangrowth lost <abbr title="−220/319">69.0%</abbr> of its health!)</small><br></div><div class="spacer battle-history"><br></div><div class="battle-history">The opposing Tangrowth fainted!<br></div><div class="battle-history"><small>Greninja lost some of its HP!</small><br></div><div class="chat chatmessage-nerein"><strong style="color:#bb4610"><small>☆</small><span class="username" data-name="nerein">nerein</span>:</strong> <em>go and commit suicide</em></div><div class="spacer battle-history"><br></div><div class="battle-history"><small>nerein forfeited.</small><br></div><div class="spacer battle-history"><br></div><div class="battle-history"><strong>fhcjjjjjh</strong> won the battle!<br></div></div><div class="inner-preempt message-log"></div></div></div>
</div>
<script>
let daily = Math.floor(Date.now()/1000/60/60/24);document.write('<script src="https://play.pokemonshowdown.com/js/replay-embed.js?version'+daily+'"></'+'script>');
</script>
