<!DOCTYPE html>
<meta charset="utf-8" />
<!-- version 1 -->
<title>[Gen 7] Random Battle replay: durenthirteen vs. Vjhcg</title>
<style>
html,body {font-family:Verdana, sans-serif;font-size:10pt;margin:0;padding:0;}body{padding:12px 0;} .battle-log {font-family:Verdana, sans-serif;font-size:10pt;} .battle-log-inline {border:1px solid #AAAAAA;background:#EEF2F5;color:black;max-width:640px;margin:0 auto 80px;padding-bottom:5px;} .battle-log .inner {padding:4px 8px 0px 8px;} .battle-log .inner-preempt {padding:0 8px 4px 8px;} .battle-log .inner-after {margin-top:0.5em;} .battle-log h2 {margin:0.5em -8px;padding:4px 8px;border:1px solid #AAAAAA;background:#E0E7EA;border-left:0;border-right:0;font-family:Verdana, sans-serif;font-size:13pt;} .battle-log .chat {vertical-align:middle;padding:3px 0 3px 0;font-size:8pt;} .battle-log .chat strong {color:#40576A;} .battle-log .chat em {padding:1px 4px 1px 3px;color:#000000;font-style:normal;} .chat.mine {background:rgba(0,0,0,0.05);margin-left:-8px;margin-right:-8px;padding-left:8px;padding-right:8px;} .spoiler {color:#BBBBBB;background:#BBBBBB;padding:0px 3px;} .spoiler:hover, .spoiler:active, .spoiler-shown {color:#000000;background:#E2E2E2;padding:0px 3px;} .spoiler a {color:#BBBBBB;} .spoiler:hover a, .spoiler:active a, .spoiler-shown a {color:#2288CC;} .chat code, .chat .spoiler:hover code, .chat .spoiler:active code, .chat .spoiler-shown code {border:1px solid #C0C0C0;background:#EEEEEE;color:black;padding:0 2px;} .chat .spoiler code {border:1px solid #CCCCCC;background:#CCCCCC;color:#CCCCCC;} .battle-log .rated {padding:3px 4px;} .battle-log .rated strong {color:white;background:#89A;padding:1px 4px;border-radius:4px;} .spacer {margin-top:0.5em;} .message-announce {background:#6688AA;color:white;padding:1px 4px 2px;} .message-announce a, .broadcast-green a, .broadcast-blue a, .broadcast-red a {color:#DDEEFF;} .broadcast-green {background-color:#559955;color:white;padding:2px 4px;} .broadcast-blue {background-color:#6688AA;color:white;padding:2px 4px;} .infobox {border:1px solid #6688AA;padding:2px 4px;} .infobox-limited {max-height:200px;overflow:auto;overflow-x:hidden;} .broadcast-red {background-color:#AA5544;color:white;padding:2px 4px;} .message-learn-canlearn {font-weight:bold;color:#228822;text-decoration:underline;} .message-learn-cannotlearn {font-weight:bold;color:#CC2222;text-decoration:underline;} .message-effect-weak {font-weight:bold;color:#CC2222;} .message-effect-resist {font-weight:bold;color:#6688AA;} .message-effect-immune {font-weight:bold;color:#666666;} .message-learn-list {margin-top:0;margin-bottom:0;} .message-throttle-notice, .message-error {color:#992222;} .message-overflow, .chat small.message-overflow {font-size:0pt;} .message-overflow::before {font-size:9pt;content:'...';} .subtle {color:#3A4A66;}
</style>
<div class="wrapper replay-wrapper" style="max-width:1180px;margin:0 auto">
<input type="hidden" name="replayid" value="gen7randombattle-2110240420" />
<div class="battle"></div><div class="battle-log"></div><div class="replay-controls"></div><div class="replay-controls-2"></div>
<h1 style="font-weight:normal;text-align:center"><strong>[Gen 7] Random Battle</strong><br /><a href="http://pokemonshowdown.com/users/durenthirteen" class="subtle" target="_blank">durenthirteen</a> vs. <a href="http://pokemonshowdown.com/users/vjhcg" class="subtle" target="_blank">Vjhcg</a></h1>
<script type="text/plain" class="battle-log-data">|uhtml|medal-msg|<div class="broadcast-blue">Curious what those medals under the avatar are? PS now has Ladder Seasons! For more information, check out the <a href="https:\/\/www.smogon.com\/forums\/threads\/3740067\/">thread on Smogon.<\/a><\/div>
|uhtml|medal-msg|<div class="broadcast-blue">Curious what those medals under the avatar are? PS now has Ladder Seasons! For more information, check out the <a href="https:\/\/www.smogon.com\/forums\/threads\/3740067\/">thread on Smogon.<\/a><\/div>
|j|☆durenthirteen
|j|☆Vjhcg
|t:|1713925880
|gametype|singles
|player|p1|durenthirteen|biker-gen4|1156
|player|p2|Vjhcg|marlon|1045
|teamsize|p1|6
|teamsize|p2|6
|gen|7
|tier|[Gen 7] Random Battle
|rated|
|rule|Sleep Clause Mod: Limit one foe put to sleep
|rule|HP Percentage Mod: HP is shown in percentages
|rule|Illusion Level Mod: Illusion disguises the Pokémon's true level
|
|t:|1713925880
|start
|switch|p1a: Kyurem|Kyurem-Black, L79|327\/327
|switch|p2a: Decidueye|Decidueye, L87, F|277\/277
|-ability|p1a: Kyurem|Teravolt
|turn|1
|inactive|Battle timer is ON: inactive players will automatically lose when time's up. (requested by Vjhcg)
|inactive|durenthirteen also wants the timer to be on.
|
|t:|1713925905
|switch|p2a: Groudon|Groudon, L75|274\/274
|-weather|SunnyDay|[from] ability: Drought|[of] p2a: Groudon
|move|p1a: Kyurem|Hone Claws|p1a: Kyurem
|-boost|p1a: Kyurem|atk|1
|-boost|p1a: Kyurem|accuracy|1
|
|-weather|SunnyDay|[upkeep]
|upkeep
|turn|2
|
|t:|1713925916
|move|p1a: Kyurem|Freeze Shock||[still]
|-prepare|p1a: Kyurem|Freeze Shock
|move|p2a: Groudon|Dragon Tail|p1a: Kyurem
|-supereffective|p1a: Kyurem
|-damage|p1a: Kyurem|227\/327
|drag|p1a: Furret|Furret, L94, M|312\/312
|-item|p2a: Groudon|Leftovers|[from] ability: Frisk|[of] p1a: Furret|[identify]
|
|-weather|SunnyDay|[upkeep]
|upkeep
|turn|3
|
|t:|1713925934
|move|p1a: Furret|Knock Off|p2a: Groudon
|-damage|p2a: Groudon|190\/274
|-enditem|p2a: Groudon|Leftovers|[from] move: Knock Off|[of] p1a: Furret
|move|p2a: Groudon|Precipice Blades|p1a: Furret
|-damage|p1a: Furret|156\/312
|
|-weather|SunnyDay|[upkeep]
|upkeep
|turn|4
|
|t:|1713925946
|switch|p1a: Whiscash|Whiscash, L89, M|341\/341
|move|p2a: Groudon|Lava Plume|p1a: Whiscash
|-resisted|p1a: Whiscash
|-damage|p1a: Whiscash|299\/341
|
|-weather|SunnyDay|[upkeep]
|upkeep
|turn|5
|
|t:|1713925954
|switch|p2a: Decidueye|Decidueye, L87, F|277\/277
|move|p1a: Whiscash|Dragon Dance|p1a: Whiscash
|-boost|p1a: Whiscash|atk|1
|-boost|p1a: Whiscash|spe|1
|
|-weather|none
|upkeep
|turn|6
|
|t:|1713925976
|switch|p1a: Leavanny|Leavanny, L88, M|275\/275
|move|p2a: Decidueye|Leaf Storm|p1a: Leavanny
|-resisted|p1a: Leavanny
|-damage|p1a: Leavanny|236\/275
|-unboost|p2a: Decidueye|spa|2
|
|-heal|p1a: Leavanny|253\/275|[from] item: Leftovers
|upkeep
|turn|7
|
|t:|1713925987
|switch|p2a: Magcargo|Magcargo, L93, F|262\/262
|move|p1a: Leavanny|Toxic|p2a: Magcargo|[miss]
|-miss|p1a: Leavanny|p2a: Magcargo
|
|-heal|p1a: Leavanny|270\/275|[from] item: Leftovers
|upkeep
|turn|8
|
|t:|1713926008
|switch|p1a: Nihilego|Nihilego, L80|306\/306
|-item|p1a: Nihilego|Air Balloon
|move|p2a: Magcargo|Shell Smash|p2a: Magcargo
|-unboost|p2a: Magcargo|def|1
|-unboost|p2a: Magcargo|spd|1
|-boost|p2a: Magcargo|atk|2
|-boost|p2a: Magcargo|spa|2
|-boost|p2a: Magcargo|spe|2
|
|upkeep
|turn|9
|
|t:|1713926019
|-zpower|p2a: Magcargo
|move|p2a: Magcargo|Inferno Overdrive|p1a: Nihilego|[zeffect]
|-resisted|p1a: Nihilego
|-damage|p1a: Nihilego|119\/306
|-enditem|p1a: Nihilego|Air Balloon
|move|p1a: Nihilego|Power Gem|p2a: Magcargo
|-supereffective|p2a: Magcargo
|-damage|p2a: Magcargo|2\/262
|
|upkeep
|turn|10
|inactive|durenthirteen has 120 seconds left.
|
|t:|1713926043
|move|p2a: Magcargo|Earth Power|p1a: Nihilego
|-supereffective|p1a: Nihilego
|-damage|p1a: Nihilego|0 fnt
|faint|p1a: Nihilego
|
|upkeep
|
|t:|1713926046
|switch|p1a: Smeargle|Smeargle, L88, M|240\/240
|turn|11
|
|t:|1713926053
|move|p2a: Magcargo|Fire Blast|p1a: Smeargle
|-enditem|p1a: Smeargle|Focus Sash
|-damage|p1a: Smeargle|1\/240
|move|p1a: Smeargle|Nuzzle|p2a: Magcargo
|-damage|p2a: Magcargo|0 fnt
|faint|p2a: Magcargo
|
|upkeep
|
|t:|1713926063
|switch|p2a: Groudon|Groudon, L75|190\/274
|-weather|SunnyDay|[from] ability: Drought|[of] p2a: Groudon
|turn|12
|
|t:|1713926070
|move|p1a: Smeargle|Spore|p2a: Groudon
|-status|p2a: Groudon|slp|[from] move: Spore
|cant|p2a: Groudon|slp
|
|-weather|SunnyDay|[upkeep]
|upkeep
|turn|13
|
|t:|1713926076
|switch|p1a: Kyurem|Kyurem-Black, L79|227\/327
|-ability|p1a: Kyurem|Teravolt
|cant|p2a: Groudon|slp
|
|-weather|SunnyDay|[upkeep]
|upkeep
|turn|14
|
|t:|1713926092
|-zpower|p1a: Kyurem
|move|p1a: Kyurem|Subzero Slammer|p2a: Groudon|[zeffect]
|-supereffective|p2a: Groudon
|-damage|p2a: Groudon|0 fnt
|faint|p2a: Groudon
|
|-weather|SunnyDay|[upkeep]
|upkeep
|
|t:|1713926102
|switch|p2a: Avalugg|Avalugg, L89, M|314\/314
|turn|15
|
|t:|1713926130
|switch|p1a: Leavanny|Leavanny, L88, M|270\/275
|move|p2a: Avalugg|Toxic|p1a: Leavanny
|-status|p1a: Leavanny|tox
|
|-weather|SunnyDay|[upkeep]
|-heal|p1a: Leavanny|275\/275 tox|[from] item: Leftovers
|-damage|p1a: Leavanny|258\/275 tox|[from] psn
|upkeep
|turn|16
|
|t:|1713926139
|move|p1a: Leavanny|Toxic|p2a: Avalugg
|-status|p2a: Avalugg|tox
|move|p2a: Avalugg|Avalanche|p1a: Leavanny
|-supereffective|p1a: Leavanny
|-damage|p1a: Leavanny|94\/275 tox
|
|-weather|none
|-heal|p1a: Leavanny|111\/275 tox|[from] item: Leftovers
|-damage|p1a: Leavanny|77\/275 tox|[from] psn
|-damage|p2a: Avalugg|295\/314 tox|[from] psn
|upkeep
|turn|17
|
|t:|1713926149
|move|p1a: Leavanny|Sticky Web|p2a: Avalugg
|-sidestart|p2: Vjhcg|move: Sticky Web
|move|p2a: Avalugg|Rapid Spin|p1a: Leavanny
|-damage|p1a: Leavanny|58\/275 tox
|-sideend|p2: Vjhcg|Sticky Web|[from] move: Rapid Spin|[of] p2a: Avalugg
|
|-heal|p1a: Leavanny|75\/275 tox|[from] item: Leftovers
|-heal|p2a: Avalugg|314\/314 tox|[from] item: Leftovers
|-damage|p1a: Leavanny|24\/275 tox|[from] psn
|-damage|p2a: Avalugg|276\/314 tox|[from] psn
|upkeep
|turn|18
|
|t:|1713926167
|move|p1a: Leavanny|X-Scissor|p2a: Avalugg
|-damage|p2a: Avalugg|198\/314 tox
|move|p2a: Avalugg|Rapid Spin|p1a: Leavanny
|-damage|p1a: Leavanny|3\/275 tox
|
|-heal|p1a: Leavanny|20\/275 tox|[from] item: Leftovers
|-heal|p2a: Avalugg|217\/314 tox|[from] item: Leftovers
|-damage|p1a: Leavanny|0 fnt|[from] psn
|faint|p1a: Leavanny
|-damage|p2a: Avalugg|160\/314 tox|[from] psn
|upkeep
|
|t:|1713926180
|switch|p1a: Whiscash|Whiscash, L89, M|299\/341
|turn|19
|
|t:|1713926190
|switch|p1a: Smeargle|Smeargle, L88, M|1\/240
|move|p2a: Avalugg|Toxic|p1a: Smeargle
|-status|p1a: Smeargle|tox
|
|-heal|p2a: Avalugg|179\/314 tox|[from] item: Leftovers
|-damage|p1a: Smeargle|0 fnt|[from] psn
|faint|p1a: Smeargle
|-damage|p2a: Avalugg|103\/314 tox|[from] psn
|upkeep
|
|t:|1713926204
|switch|p1a: Furret|Furret, L94, M|156\/312
|-item|p2a: Avalugg|Leftovers|[from] ability: Frisk|[of] p1a: Furret|[identify]
|turn|20
|
|t:|1713926208
|move|p1a: Furret|Knock Off|p2a: Avalugg
|-damage|p2a: Avalugg|51\/314 tox
|-enditem|p2a: Avalugg|Leftovers|[from] move: Knock Off|[of] p1a: Furret
|move|p2a: Avalugg|Recover|p2a: Avalugg
|-heal|p2a: Avalugg|208\/314 tox
|
|-damage|p2a: Avalugg|113\/314 tox|[from] psn
|upkeep
|turn|21
|
|t:|1713926225
|move|p1a: Furret|Knock Off|p2a: Avalugg
|-damage|p2a: Avalugg|73\/314 tox
|move|p2a: Avalugg|Avalanche|p1a: Furret
|-damage|p1a: Furret|0 fnt
|faint|p1a: Furret
|
|-damage|p2a: Avalugg|0 fnt|[from] psn
|faint|p2a: Avalugg
|upkeep
|
|t:|1713926236
|switch|p1a: Kyurem|Kyurem-Black, L79|227\/327
|switch|p2a: Decidueye|Decidueye, L87, F|277\/277
|-ability|p1a: Kyurem|Teravolt
|turn|22
|
|t:|1713926246
|move|p1a: Kyurem|Hone Claws|p1a: Kyurem
|-boost|p1a: Kyurem|atk|1
|-boost|p1a: Kyurem|accuracy|1
|move|p2a: Decidueye|Spirit Shackle|p1a: Kyurem
|-damage|p1a: Kyurem|137\/327
|-activate|p1a: Kyurem|trapped
|
|upkeep
|turn|23
|
|t:|1713926257
|move|p1a: Kyurem|Outrage|p2a: Decidueye
|-damage|p2a: Decidueye|0 fnt
|faint|p2a: Decidueye
|
|upkeep
|
|t:|1713926263
|switch|p2a: Lapras|Lapras, L87, M|368\/368
|turn|24
|
|t:|1713926267
|move|p1a: Kyurem|Outrage|p2a: Lapras|[from]lockedmove
|-damage|p2a: Lapras|103\/368
|-start|p1a: Kyurem|confusion|[fatigue]
|move|p2a: Lapras|Freeze-Dry|p1a: Kyurem
|-damage|p1a: Kyurem|67\/327
|
|-heal|p2a: Lapras|126\/368|[from] item: Leftovers
|upkeep
|turn|25
|inactive|Vjhcg has 120 seconds left.
|
|t:|1713926305
|-activate|p1a: Kyurem|confusion
|move|p1a: Kyurem|Fusion Bolt|p2a: Lapras
|-supereffective|p2a: Lapras
|-damage|p2a: Lapras|0 fnt
|faint|p2a: Lapras
|
|upkeep
|
|t:|1713926311
|switch|p2a: Silvally|Silvally-Water, L87|307\/307
|turn|26
|inactive|Vjhcg has 120 seconds left.
|
|t:|1713926321
|move|p2a: Silvally|Multi-Attack|p1a: Kyurem
|-resisted|p1a: Kyurem
|-damage|p1a: Kyurem|17\/327
|-activate|p1a: Kyurem|confusion
|move|p1a: Kyurem|Fusion Bolt|p2a: Silvally
|-supereffective|p2a: Silvally
|-damage|p2a: Silvally|25\/307
|
|upkeep
|turn|27
|
|t:|1713926331
|move|p2a: Silvally|Thunderbolt|p1a: Kyurem
|-resisted|p1a: Kyurem
|-damage|p1a: Kyurem|0 fnt
|faint|p1a: Kyurem
|
|upkeep
|
|t:|1713926336
|switch|p1a: Whiscash|Whiscash, L89, M|299\/341
|turn|28
|
|t:|1713926339
|move|p2a: Silvally|Multi-Attack|p1a: Whiscash
|-damage|p1a: Whiscash|187\/341
|move|p1a: Whiscash|Earthquake|p2a: Silvally
|-damage|p2a: Silvally|0 fnt
|faint|p2a: Silvally
|-damage|p1a: Whiscash|153\/341|[from] item: Life Orb
|
|win|durenthirteen
|raw|durenthirteen's rating: 1156 &rarr; <strong>1173<\/strong><br \/>(+17 for winning)
|raw|Vjhcg's rating: 1045 &rarr; <strong>1033<\/strong><br \/>(-12 for losing)
|l|☆Vjhcg
|player|p2|
</script>
</div>
<div class="battle-log battle-log-inline"><div class="inner"><div class="battle-options"></div><div class="inner message-log"><div class="notice uhtml-medalmsg"><div class="broadcast-blue">Curious what those medals under the avatar are? PS now has Ladder Seasons! For more information, check out the <a href="https://www.smogon.com/forums/threads/3740067/" target="_blank" rel="noopener">thread on Smogon.</a></div></div><div class="chat"><small>☆durenthirteen and ☆Vjhcg joined</small></div><div class=""><small>Format:</small> <br><strong>[Gen 7] Random Battle</strong></div><div class="rated"><strong>Rated battle</strong></div><div class=""><small><em>Sleep Clause Mod:</em> Limit one foe put to sleep</small></div><div class=""><small><em>HP Percentage Mod:</em> HP is shown in percentages</small></div><div class=""><small><em>Illusion Level Mod:</em> Illusion disguises the Pokémon's true level</small></div><div class="spacer battle-history"><br></div><div class="battle-history">Battle started between durenthirteen and Vjhcg!<br></div><div class="spacer battle-history"><br></div><div class="battle-history">Go! Kyurem (<strong>Kyurem-Black</strong>)!<br></div><div class="spacer battle-history"><br></div><div class="battle-history">Vjhcg sent out <strong>Decidueye</strong>!<br></div><div class="battle-history">[Kyurem's Teravolt]<br><small>Kyurem is radiating a bursting aura!</small><br></div><div class="spacer battle-history"><br></div><h2 class="battle-history">Turn 1</h2><div class="chat message-error">Battle timer is ON: inactive players will automatically lose when time's up. (requested by Vjhcg)</div><div class="chat message-error">durenthirteen also wants the timer to be on.</div><div class="spacer battle-history"><br></div><div class="battle-history">Vjhcg withdrew Decidueye!<br></div><div class="battle-history">Vjhcg sent out <strong>Groudon</strong>!<br></div><div class="battle-history">[The opposing Groudon's Drought]<br><small>The sunlight turned harsh!</small><br></div><div class="spacer battle-history"><br></div><div class="battle-history">Kyurem used <strong>Hone Claws</strong>!<br></div><div class="battle-history"><small>Kyurem's Attack rose!</small><br></div><div class="battle-history"><small>Kyurem's accuracy rose!</small><br></div><div class="spacer battle-history"><br></div><div class="battle-history"><small>(The sunlight is strong.)</small><br></div><div class="spacer battle-history"><br></div><h2 class="battle-history">Turn 2</h2><div class="spacer battle-history"><br></div><div class="battle-history">Kyurem used <strong>Freeze Shock</strong>!<br></div><div class="battle-history"><small>Kyurem became cloaked in a freezing light!</small><br></div><div class="spacer battle-history"><br></div><div class="battle-history">The opposing Groudon used <strong>Dragon Tail</strong>!<br></div><div class="battle-history"><small>It's super effective!</small><br></div><div class="battle-history"><small>(Kyurem lost <abbr title="−100/327">30.6%</abbr> of its health!)</small><br></div><div class="spacer battle-history"><br></div><div class="battle-history"><strong>Furret</strong> was dragged out!<br></div><div class="battle-history">[Furret's Frisk]<br><small>Furret frisked the opposing Groudon and found its Leftovers!</small><br></div><div class="spacer battle-history"><br></div><div class="battle-history"><small>(The sunlight is strong.)</small><br></div><div class="spacer battle-history"><br></div><h2 class="battle-history">Turn 3</h2><div class="spacer battle-history"><br></div><div class="battle-history">Furret used <strong>Knock Off</strong>!<br></div><div class="battle-history"><small>(The opposing Groudon lost <abbr title="−84/274">30.7%</abbr> of its health!)</small><br></div><div class="battle-history"><small>Furret knocked off the opposing Groudon's Leftovers!</small><br></div><div class="spacer battle-history"><br></div><div class="battle-history">The opposing Groudon used <strong>Precipice Blades</strong>!<br></div><div class="battle-history"><small>(Furret lost <abbr title="−156/312">50%</abbr> of its health!)</small><br></div><div class="spacer battle-history"><br></div><div class="battle-history"><small>(The sunlight is strong.)</small><br></div><div class="spacer battle-history"><br></div><h2 class="battle-history">Turn 4</h2><div class="spacer battle-history"><br></div><div class="battle-history">Furret, come back!<br></div><div class="battle-history">Go! <strong>Whiscash</strong>!<br></div><div class="spacer battle-history"><br></div><div class="battle-history">The opposing Groudon used <strong>Lava Plume</strong>!<br></div><div class="battle-history"><small>It's not very effective...</small><br></div><div class="battle-history"><small>(Whiscash lost <abbr title="−42/341">12.3%</abbr> of its health!)</small><br></div><div class="spacer battle-history"><br></div><div class="battle-history"><small>(The sunlight is strong.)</small><br></div><div class="spacer battle-history"><br></div><h2 class="battle-history">Turn 5</h2><div class="spacer battle-history"><br></div><div class="battle-history">Vjhcg withdrew Groudon!<br></div><div class="battle-history">Vjhcg sent out <strong>Decidueye</strong>!<br></div><div class="spacer battle-history"><br></div><div class="battle-history">Whiscash used <strong>Dragon Dance</strong>!<br></div><div class="battle-history"><small>Whiscash's Attack rose!</small><br></div><div class="battle-history"><small>Whiscash's Speed rose!</small><br></div><div class="spacer battle-history"><br></div><div class="battle-history"><small>The harsh sunlight faded.</small><br></div><div class="spacer battle-history"><br></div><h2 class="battle-history">Turn 6</h2><div class="spacer battle-history"><br></div><div class="battle-history">Whiscash, come back!<br></div><div class="battle-history">Go! <strong>Leavanny</strong>!<br></div><div class="spacer battle-history"><br></div><div class="battle-history">The opposing Decidueye used <strong>Leaf Storm</strong>!<br></div><div class="battle-history"><small>It's not very effective...</small><br></div><div class="battle-history"><small>(Leavanny lost <abbr title="−39/275">14.2%</abbr> of its health!)</small><br></div><div class="battle-history"><small>The opposing Decidueye's Sp. Atk fell harshly!</small><br></div><div class="spacer battle-history"><br></div><div class="battle-history"><small>Leavanny restored a little HP using its Leftovers!</small><br></div><div class="spacer battle-history"><br></div><h2 class="battle-history">Turn 7</h2><div class="spacer battle-history"><br></div><div class="battle-history">Vjhcg withdrew Decidueye!<br></div><div class="battle-history">Vjhcg sent out <strong>Magcargo</strong>!<br></div><div class="spacer battle-history"><br></div><div class="battle-history">Leavanny used <strong>Toxic</strong>!<br></div><div class="battle-history"><small>The opposing Magcargo avoided the attack!</small><br></div><div class="spacer battle-history"><br></div><div class="battle-history"><small>Leavanny restored a little HP using its Leftovers!</small><br></div><div class="spacer battle-history"><br></div><h2 class="battle-history">Turn 8</h2><div class="spacer battle-history"><br></div><div class="battle-history">Leavanny, come back!<br></div><div class="battle-history">Go! <strong>Nihilego</strong>!<br></div><div class="battle-history"><small>Nihilego floats in the air with its Air Balloon!</small><br></div><div class="spacer battle-history"><br></div><div class="battle-history">The opposing Magcargo used <strong>Shell Smash</strong>!<br></div><div class="battle-history"><small>The opposing Magcargo's Defense fell!</small><br></div><div class="battle-history"><small>The opposing Magcargo's Sp. Def fell!</small><br></div><div class="battle-history"><small>The opposing Magcargo's Attack rose sharply!</small><br></div><div class="battle-history"><small>The opposing Magcargo's Sp. Atk rose sharply!</small><br></div><div class="battle-history"><small>The opposing Magcargo's Speed rose sharply!</small><br></div><div class="spacer battle-history"><br></div><h2 class="battle-history">Turn 9</h2><div class="spacer battle-history"><br></div><div class="battle-history"><small>The opposing Magcargo surrounded itself with its Z-Power!</small><br></div><div class="spacer battle-history"><br></div><div class="battle-history"><small>The opposing Magcargo unleashes its full-force Z-Move!</small><br>The opposing Magcargo used <strong>Inferno Overdrive</strong>!<br></div><div class="battle-history"><small>It's not very effective...</small><br></div><div class="battle-history"><small>(Nihilego lost <abbr title="−187/306">61.1%</abbr> of its health!)</small><br></div><div class="battle-history"><small>Nihilego's Air Balloon popped!</small><br></div><div class="spacer battle-history"><br></div><div class="battle-history">Nihilego used <strong>Power Gem</strong>!<br></div><div class="battle-history"><small>It's super effective!</small><br></div><div class="battle-history"><small>(The opposing Magcargo lost <abbr title="−260/262">99.2%</abbr> of its health!)</small><br></div><div class="spacer battle-history"><br></div><h2 class="battle-history">Turn 10</h2><div class="chat message-error">durenthirteen has 120 seconds left.</div><div class="spacer battle-history"><br></div><div class="battle-history">The opposing Magcargo used <strong>Earth Power</strong>!<br></div><div class="battle-history"><small>It's super effective!</small><br></div><div class="battle-history"><small>(Nihilego lost <abbr title="−119/306">38.9%</abbr> of its health!)</small><br></div><div class="spacer battle-history"><br></div><div class="battle-history">Nihilego fainted!<br></div><div class="spacer battle-history"><br></div><div class="battle-history">Go! <strong>Smeargle</strong>!<br></div><div class="spacer battle-history"><br></div><h2 class="battle-history">Turn 11</h2><div class="spacer battle-history"><br></div><div class="battle-history">The opposing Magcargo used <strong>Fire Blast</strong>!<br></div><div class="battle-history"><small>Smeargle hung on using its Focus Sash!</small><br></div><div class="battle-history"><small>(Smeargle lost <abbr title="−239/240">99.6%</abbr> of its health!)</small><br></div><div class="spacer battle-history"><br></div><div class="battle-history">Smeargle used <strong>Nuzzle</strong>!<br></div><div class="battle-history"><small>(The opposing Magcargo lost <abbr title="−2/262">0.8%</abbr> of its health!)</small><br></div><div class="spacer battle-history"><br></div><div class="battle-history">The opposing Magcargo fainted!<br></div><div class="spacer battle-history"><br></div><div class="battle-history">Vjhcg sent out <strong>Groudon</strong>!<br></div><div class="battle-history">[The opposing Groudon's Drought]<br><small>The sunlight turned harsh!</small><br></div><div class="spacer battle-history"><br></div><h2 class="battle-history">Turn 12</h2><div class="spacer battle-history"><br></div><div class="battle-history">Smeargle used <strong>Spore</strong>!<br></div><div class="battle-history"><small>The opposing Groudon fell asleep!</small><br></div><div class="spacer battle-history"><br></div><div class="battle-history">The opposing Groudon is fast asleep.<br></div><div class="spacer battle-history"><br></div><div class="battle-history"><small>(The sunlight is strong.)</small><br></div><div class="spacer battle-history"><br></div><h2 class="battle-history">Turn 13</h2><div class="spacer battle-history"><br></div><div class="battle-history">Smeargle, come back!<br></div><div class="battle-history">Go! Kyurem (<strong>Kyurem-Black</strong>)!<br></div><div class="battle-history">[Kyurem's Teravolt]<br><small>Kyurem is radiating a bursting aura!</small><br></div><div class="spacer battle-history"><br></div><div class="battle-history">The opposing Groudon is fast asleep.<br></div><div class="spacer battle-history"><br></div><div class="battle-history"><small>(The sunlight is strong.)</small><br></div><div class="spacer battle-history"><br></div><h2 class="battle-history">Turn 14</h2><div class="spacer battle-history"><br></div><div class="battle-history"><small>Kyurem surrounded itself with its Z-Power!</small><br></div><div class="spacer battle-history"><br></div><div class="battle-history"><small>Kyurem unleashes its full-force Z-Move!</small><br>Kyurem used <strong>Subzero Slammer</strong>!<br></div><div class="battle-history"><small>It's super effective!</small><br></div><div class="battle-history"><small>(The opposing Groudon lost <abbr title="−190/274">69.3%</abbr> of its health!)</small><br></div><div class="spacer battle-history"><br></div><div class="battle-history">The opposing Groudon fainted!<br></div><div class="spacer battle-history"><br></div><div class="battle-history"><small>(The sunlight is strong.)</small><br></div><div class="spacer battle-history"><br></div><div class="battle-history">Vjhcg sent out <strong>Avalugg</strong>!<br></div><div class="spacer battle-history"><br></div><h2 class="battle-history">Turn 15</h2><div class="spacer battle-history"><br></div><div class="battle-history">Kyurem, come back!<br></div><div class="battle-history">Go! <strong>Leavanny</strong>!<br></div><div class="spacer battle-history"><br></div><div class="battle-history">The opposing Avalugg used <strong>Toxic</strong>!<br></div><div class="battle-history"><small>Leavanny was badly poisoned!</small><br></div><div class="spacer battle-history"><br></div><div class="battle-history"><small>(The sunlight is strong.)</small><br></div><div class="battle-history"><small>Leavanny restored a little HP using its Leftovers!</small><br></div><div class="battle-history"><small>Leavanny was hurt by poison!</small><br></div><div class="spacer battle-history"><br></div><h2 class="battle-history">Turn 16</h2><div class="spacer battle-history"><br></div><div class="battle-history">Leavanny used <strong>Toxic</strong>!<br></div><div class="battle-history"><small>The opposing Avalugg was badly poisoned!</small><br></div><div class="spacer battle-history"><br></div><div class="battle-history">The opposing Avalugg used <strong>Avalanche</strong>!<br></div><div class="battle-history"><small>It's super effective!</small><br></div><div class="battle-history"><small>(Leavanny lost <abbr title="−164/275">59.6%</abbr> of its health!)</small><br></div><div class="spacer battle-history"><br></div><div class="battle-history"><small>The harsh sunlight faded.</small><br></div><div class="battle-history"><small>Leavanny restored a little HP using its Leftovers!</small><br></div><div class="battle-history"><small>Leavanny was hurt by poison!</small><br></div><div class="battle-history"><small>The opposing Avalugg was hurt by poison!</small><br></div><div class="spacer battle-history"><br></div><h2 class="battle-history">Turn 17</h2><div class="spacer battle-history"><br></div><div class="battle-history">Leavanny used <strong>Sticky Web</strong>!<br></div><div class="battle-history"><small>A sticky web has been laid out on the ground around the opposing team!</small><br></div><div class="spacer battle-history"><br></div><div class="battle-history">The opposing Avalugg used <strong>Rapid Spin</strong>!<br></div><div class="battle-history"><small>(Leavanny lost <abbr title="−19/275">6.9%</abbr> of its health!)</small><br></div><div class="battle-history"><small>The sticky web has disappeared from the ground around the opposing team!</small><br></div><div class="spacer battle-history"><br></div><div class="battle-history"><small>Leavanny restored a little HP using its Leftovers!</small><br></div><div class="battle-history"><small>The opposing Avalugg restored a little HP using its Leftovers!</small><br></div><div class="battle-history"><small>Leavanny was hurt by poison!</small><br></div><div class="battle-history"><small>The opposing Avalugg was hurt by poison!</small><br></div><div class="spacer battle-history"><br></div><h2 class="battle-history">Turn 18</h2><div class="spacer battle-history"><br></div><div class="battle-history">Leavanny used <strong>X-Scissor</strong>!<br></div><div class="battle-history"><small>(The opposing Avalugg lost <abbr title="−78/314">24.8%</abbr> of its health!)</small><br></div><div class="spacer battle-history"><br></div><div class="battle-history">The opposing Avalugg used <strong>Rapid Spin</strong>!<br></div><div class="battle-history"><small>(Leavanny lost <abbr title="−21/275">7.6%</abbr> of its health!)</small><br></div><div class="spacer battle-history"><br></div><div class="battle-history"><small>Leavanny restored a little HP using its Leftovers!</small><br></div><div class="battle-history"><small>The opposing Avalugg restored a little HP using its Leftovers!</small><br></div><div class="battle-history"><small>Leavanny was hurt by poison!</small><br></div><div class="spacer battle-history"><br></div><div class="battle-history">Leavanny fainted!<br></div><div class="battle-history"><small>The opposing Avalugg was hurt by poison!</small><br></div><div class="spacer battle-history"><br></div><div class="battle-history">Go! <strong>Whiscash</strong>!<br></div><div class="spacer battle-history"><br></div><h2 class="battle-history">Turn 19</h2><div class="spacer battle-history"><br></div><div class="battle-history">Whiscash, come back!<br></div><div class="battle-history">Go! <strong>Smeargle</strong>!<br></div><div class="spacer battle-history"><br></div><div class="battle-history">The opposing Avalugg used <strong>Toxic</strong>!<br></div><div class="battle-history"><small>Smeargle was badly poisoned!</small><br></div><div class="spacer battle-history"><br></div><div class="battle-history"><small>The opposing Avalugg restored a little HP using its Leftovers!</small><br></div><div class="battle-history"><small>Smeargle was hurt by poison!</small><br></div><div class="spacer battle-history"><br></div><div class="battle-history">Smeargle fainted!<br></div><div class="battle-history"><small>The opposing Avalugg was hurt by poison!</small><br></div><div class="spacer battle-history"><br></div><div class="battle-history">Go! <strong>Furret</strong>!<br></div><div class="battle-history">[Furret's Frisk]<br><small>Furret frisked the opposing Avalugg and found its Leftovers!</small><br></div><div class="spacer battle-history"><br></div><h2 class="battle-history">Turn 20</h2><div class="spacer battle-history"><br></div><div class="battle-history">Furret used <strong>Knock Off</strong>!<br></div><div class="battle-history"><small>(The opposing Avalugg lost <abbr title="−52/314">16.6%</abbr> of its health!)</small><br></div><div class="battle-history"><small>Furret knocked off the opposing Avalugg's Leftovers!</small><br></div><div class="spacer battle-history"><br></div><div class="battle-history">The opposing Avalugg used <strong>Recover</strong>!<br></div><div class="battle-history"><small>The opposing Avalugg had its HP restored.</small><br></div><div class="spacer battle-history"><br></div><div class="battle-history"><small>The opposing Avalugg was hurt by poison!</small><br></div><div class="spacer battle-history"><br></div><h2 class="battle-history">Turn 21</h2><div class="spacer battle-history"><br></div><div class="battle-history">Furret used <strong>Knock Off</strong>!<br></div><div class="battle-history"><small>(The opposing Avalugg lost <abbr title="−40/314">12.7%</abbr> of its health!)</small><br></div><div class="spacer battle-history"><br></div><div class="battle-history">The opposing Avalugg used <strong>Avalanche</strong>!<br></div><div class="battle-history"><small>(Furret lost <abbr title="−156/312">50%</abbr> of its health!)</small><br></div><div class="spacer battle-history"><br></div><div class="battle-history">Furret fainted!<br></div><div class="spacer battle-history"><br></div><div class="battle-history"><small>The opposing Avalugg was hurt by poison!</small><br></div><div class="spacer battle-history"><br></div><div class="battle-history">The opposing Avalugg fainted!<br></div><div class="spacer battle-history"><br></div><div class="battle-history">Go! Kyurem (<strong>Kyurem-Black</strong>)!<br></div><div class="spacer battle-history"><br></div><div class="battle-history">Vjhcg sent out <strong>Decidueye</strong>!<br></div><div class="battle-history">[Kyurem's Teravolt]<br><small>Kyurem is radiating a bursting aura!</small><br></div><div class="spacer battle-history"><br></div><h2 class="battle-history">Turn 22</h2><div class="spacer battle-history"><br></div><div class="battle-history">Kyurem used <strong>Hone Claws</strong>!<br></div><div class="battle-history"><small>Kyurem's Attack rose!</small><br></div><div class="battle-history"><small>Kyurem's accuracy rose!</small><br></div><div class="spacer battle-history"><br></div><div class="battle-history">The opposing Decidueye used <strong>Spirit Shackle</strong>!<br></div><div class="battle-history"><small>(Kyurem lost <abbr title="−90/327">27.5%</abbr> of its health!)</small><br></div><div class="battle-history"><small>Kyurem can no longer escape!</small><br></div><div class="spacer battle-history"><br></div><h2 class="battle-history">Turn 23</h2><div class="spacer battle-history"><br></div><div class="battle-history">Kyurem used <strong>Outrage</strong>!<br></div><div class="battle-history"><small>(The opposing Decidueye lost <abbr title="−277/277">100%</abbr> of its health!)</small><br></div><div class="spacer battle-history"><br></div><div class="battle-history">The opposing Decidueye fainted!<br></div><div class="spacer battle-history"><br></div><div class="battle-history">Vjhcg sent out <strong>Lapras</strong>!<br></div><div class="spacer battle-history"><br></div><h2 class="battle-history">Turn 24</h2><div class="spacer battle-history"><br></div><div class="battle-history">Kyurem used <strong>Outrage</strong>!<br></div><div class="battle-history"><small>(The opposing Lapras lost <abbr title="−265/368">72.0%</abbr> of its health!)</small><br></div><div class="battle-history"><small>Kyurem became confused due to fatigue!</small><br></div><div class="spacer battle-history"><br></div><div class="battle-history">The opposing Lapras used <strong>Freeze-Dry</strong>!<br></div><div class="battle-history"><small>(Kyurem lost <abbr title="−70/327">21.4%</abbr> of its health!)</small><br></div><div class="spacer battle-history"><br></div><div class="battle-history"><small>The opposing Lapras restored a little HP using its Leftovers!</small><br></div><div class="spacer battle-history"><br></div><h2 class="battle-history">Turn 25</h2><div class="chat message-error">Vjhcg has 120 seconds left.</div><div class="spacer battle-history"><br></div><div class="battle-history"><small>Kyurem is confused!</small><br></div><div class="battle-history">Kyurem used <strong>Fusion Bolt</strong>!<br></div><div class="battle-history"><small>It's super effective!</small><br></div><div class="battle-history"><small>(The opposing Lapras lost <abbr title="−126/368">34.2%</abbr> of its health!)</small><br></div><div class="spacer battle-history"><br></div><div class="battle-history">The opposing Lapras fainted!<br></div><div class="spacer battle-history"><br></div><div class="battle-history">Vjhcg sent out Silvally (<strong>Silvally-Water</strong>)!<br></div><div class="spacer battle-history"><br></div><h2 class="battle-history">Turn 26</h2><div class="chat message-error">Vjhcg has 120 seconds left.</div><div class="spacer battle-history"><br></div><div class="battle-history">The opposing Silvally used <strong>Multi-Attack</strong>!<br></div><div class="battle-history"><small>It's not very effective...</small><br></div><div class="battle-history"><small>(Kyurem lost <abbr title="−50/327">15.3%</abbr> of its health!)</small><br></div><div class="spacer battle-history"><br></div><div class="battle-history"><small>Kyurem is confused!</small><br></div><div class="battle-history">Kyurem used <strong>Fusion Bolt</strong>!<br></div><div class="battle-history"><small>It's super effective!</small><br></div><div class="battle-history"><small>(The opposing Silvally lost <abbr title="−282/307">91.9%</abbr> of its health!)</small><br></div><div class="spacer battle-history"><br></div><h2 class="battle-history">Turn 27</h2><div class="spacer battle-history"><br></div><div class="battle-history">The opposing Silvally used <strong>Thunderbolt</strong>!<br></div><div class="battle-history"><small>It's not very effective...</small><br></div><div class="battle-history"><small>(Kyurem lost <abbr title="−17/327">5.2%</abbr> of its health!)</small><br></div><div class="spacer battle-history"><br></div><div class="battle-history">Kyurem fainted!<br></div><div class="spacer battle-history"><br></div><div class="battle-history">Go! <strong>Whiscash</strong>!<br></div><div class="spacer battle-history"><br></div><h2 class="battle-history">Turn 28</h2><div class="spacer battle-history"><br></div><div class="battle-history">The opposing Silvally used <strong>Multi-Attack</strong>!<br></div><div class="battle-history"><small>(Whiscash lost <abbr title="−112/341">32.8%</abbr> of its health!)</small><br></div><div class="spacer battle-history"><br></div><div class="battle-history">Whiscash used <strong>Earthquake</strong>!<br></div><div class="battle-history"><small>(The opposing Silvally lost <abbr title="−25/307">8.1%</abbr> of its health!)</small><br></div><div class="spacer battle-history"><br></div><div class="battle-history">The opposing Silvally fainted!<br></div><div class="battle-history"><small>Whiscash lost some of its HP!</small><br></div><div class="spacer battle-history"><br></div><div class="battle-history"><strong>durenthirteen</strong> won the battle!<br></div><div class="chat">durenthirteen's rating: 1156 → <strong>1173</strong><br>(+17 for winning)</div><div class="chat">Vjhcg's rating: 1045 → <strong>1033</strong><br>(-12 for losing)</div><div class="chat"><small>☆Vjhcg left</small></div></div><div class="inner-preempt message-log"></div></div></div>
</div>
<script>
let daily = Math.floor(Date.now()/1000/60/60/24);document.write('<script src="https://play.pokemonshowdown.com/js/replay-embed.js?version'+daily+'"></'+'script>');
</script>
