<!DOCTYPE html>
<meta charset="utf-8" />
<!-- version 1 -->
<title>[Gen 7] Random Battle replay: TxGaAlvin vs. NTsweeper007</title>
<style>
html,body {font-family:Verdana, sans-serif;font-size:10pt;margin:0;padding:0;}body{padding:12px 0;} .battle-log {font-family:Verdana, sans-serif;font-size:10pt;} .battle-log-inline {border:1px solid #AAAAAA;background:#EEF2F5;color:black;max-width:640px;margin:0 auto 80px;padding-bottom:5px;} .battle-log .inner {padding:4px 8px 0px 8px;} .battle-log .inner-preempt {padding:0 8px 4px 8px;} .battle-log .inner-after {margin-top:0.5em;} .battle-log h2 {margin:0.5em -8px;padding:4px 8px;border:1px solid #AAAAAA;background:#E0E7EA;border-left:0;border-right:0;font-family:Verdana, sans-serif;font-size:13pt;} .battle-log .chat {vertical-align:middle;padding:3px 0 3px 0;font-size:8pt;} .battle-log .chat strong {color:#40576A;} .battle-log .chat em {padding:1px 4px 1px 3px;color:#000000;font-style:normal;} .chat.mine {background:rgba(0,0,0,0.05);margin-left:-8px;margin-right:-8px;padding-left:8px;padding-right:8px;} .spoiler {color:#BBBBBB;background:#BBBBBB;padding:0px 3px;} .spoiler:hover, .spoiler:active, .spoiler-shown {color:#000000;background:#E2E2E2;padding:0px 3px;} .spoiler a {color:#BBBBBB;} .spoiler:hover a, .spoiler:active a, .spoiler-shown a {color:#2288CC;} .chat code, .chat .spoiler:hover code, .chat .spoiler:active code, .chat .spoiler-shown code {border:1px solid #C0C0C0;background:#EEEEEE;color:black;padding:0 2px;} .chat .spoiler code {border:1px solid #CCCCCC;background:#CCCCCC;color:#CCCCCC;} .battle-log .rated {padding:3px 4px;} .battle-log .rated strong {color:white;background:#89A;padding:1px 4px;border-radius:4px;} .spacer {margin-top:0.5em;} .message-announce {background:#6688AA;color:white;padding:1px 4px 2px;} .message-announce a, .broadcast-green a, .broadcast-blue a, .broadcast-red a {color:#DDEEFF;} .broadcast-green {background-color:#559955;color:white;padding:2px 4px;} .broadcast-blue {background-color:#6688AA;color:white;padding:2px 4px;} .infobox {border:1px solid #6688AA;padding:2px 4px;} .infobox-limited {max-height:200px;overflow:auto;overflow-x:hidden;} .broadcast-red {background-color:#AA5544;color:white;padding:2px 4px;} .message-learn-canlearn {font-weight:bold;color:#228822;text-decoration:underline;} .message-learn-cannotlearn {font-weight:bold;color:#CC2222;text-decoration:underline;} .message-effect-weak {font-weight:bold;color:#CC2222;} .message-effect-resist {font-weight:bold;color:#6688AA;} .message-effect-immune {font-weight:bold;color:#666666;} .message-learn-list {margin-top:0;margin-bottom:0;} .message-throttle-notice, .message-error {color:#992222;} .message-overflow, .chat small.message-overflow {font-size:0pt;} .message-overflow::before {font-size:9pt;content:'...';} .subtle {color:#3A4A66;}
</style>
<div class="wrapper replay-wrapper" style="max-width:1180px;margin:0 auto">
<input type="hidden" name="replayid" value="gen7randombattle-2094692218" />
<div class="battle"></div><div class="battle-log"></div><div class="replay-controls"></div><div class="replay-controls-2"></div>
<h1 style="font-weight:normal;text-align:center"><strong>[Gen 7] Random Battle</strong><br /><a href="http://pokemonshowdown.com/users/txgaalvin" class="subtle" target="_blank">TxGaAlvin</a> vs. <a href="http://pokemonshowdown.com/users/ntsweeper007" class="subtle" target="_blank">NTsweeper007</a></h1>
<script type="text/plain" class="battle-log-data">|uhtml|medal-msg|<div class="broadcast-blue">Curious what those medals under the avatar are? PS now has Ladder Seasons! For more information, check out the <a href="https:\/\/www.smogon.com\/forums\/threads\/3740067\/">thread on Smogon.<\/a><\/div>
|uhtml|medal-msg|<div class="broadcast-blue">Curious what those medals under the avatar are? PS now has Ladder Seasons! For more information, check out the <a href="https:\/\/www.smogon.com\/forums\/threads\/3740067\/">thread on Smogon.<\/a><\/div>
|j|☆TxGaAlvin
|j|☆NTsweeper007
|t:|1712099808
|gametype|singles
|player|p1|TxGaAlvin|interviewers|1563
|player|p2|NTsweeper007|hilbert-wonderlauncher|1875
|teamsize|p1|6
|teamsize|p2|6
|gen|7
|tier|[Gen 7] Random Battle
|rated|
|rule|Sleep Clause Mod: Limit one foe put to sleep
|rule|HP Percentage Mod: HP is shown in percentages
|rule|Illusion Level Mod: Illusion disguises the Pokémon's true level
|
|t:|1712099808
|start
|switch|p1a: Mudsdale|Mudsdale, L84, M|305\/305
|switch|p2a: Mimikyu|Mimikyu, L74, M|203\/203
|turn|1
|inactive|Battle timer is ON: inactive players will automatically lose when time's up. (requested by TxGaAlvin)
|
|t:|1712099825
|move|p2a: Mimikyu|Swords Dance|p2a: Mimikyu
|-boost|p2a: Mimikyu|atk|2
|move|p1a: Mudsdale|Stealth Rock|p2a: Mimikyu
|-sidestart|p2: NTsweeper007|move: Stealth Rock
|
|upkeep
|turn|2
|
|t:|1712099845
|move|p2a: Mimikyu|Swords Dance|p2a: Mimikyu
|-boost|p2a: Mimikyu|atk|2
|move|p1a: Mudsdale|Earthquake|p2a: Mimikyu
|-activate|p2a: Mimikyu|ability: Disguise
|-damage|p2a: Mimikyu|203\/203
|detailschange|p2a: Mimikyu|Mimikyu-Busted, L74, M
|
|upkeep
|turn|3
|
|t:|1712099849
|move|p2a: Mimikyu|Play Rough|p1a: Mudsdale
|-damage|p1a: Mudsdale|40\/305
|-ability|p1a: Mudsdale|Stamina|boost
|-boost|p1a: Mudsdale|def|1
|-damage|p2a: Mimikyu|183\/203|[from] item: Life Orb
|move|p1a: Mudsdale|Earthquake|p2a: Mimikyu
|-damage|p2a: Mimikyu|20\/203
|
|-heal|p1a: Mudsdale|59\/305|[from] item: Leftovers
|upkeep
|turn|4
|
|t:|1712099857
|move|p2a: Mimikyu|Drain Punch|p1a: Mudsdale
|-damage|p1a: Mudsdale|0 fnt
|-heal|p2a: Mimikyu|50\/203|[from] drain|[of] p1a: Mudsdale
|faint|p1a: Mudsdale
|-damage|p2a: Mimikyu|30\/203|[from] item: Life Orb
|
|upkeep
|
|t:|1712099861
|switch|p1a: Chatot|Chatot, L89, F|279\/279
|turn|5
|
|t:|1712099864
|move|p1a: Chatot|Chatter|p2a: Mimikyu
|-damage|p2a: Mimikyu|0 fnt
|faint|p2a: Mimikyu
|
|upkeep
|
|t:|1712099868
|switch|p2a: Latias|Latias, L81, F|262\/262
|-damage|p2a: Latias|230\/262|[from] Stealth Rock
|turn|6
|
|t:|1712099886
|move|p2a: Latias|Draco Meteor|p1a: Chatot
|-damage|p1a: Chatot|0 fnt
|-unboost|p2a: Latias|spa|2
|faint|p1a: Chatot
|
|upkeep
|
|t:|1712099901
|switch|p1a: Jynx|Jynx, L88, F|258\/258
|turn|7
|
|t:|1712099908
|switch|p2a: Shuckle|Shuckle, L86, M|175\/175
|-damage|p2a: Shuckle|132\/175|[from] Stealth Rock
|move|p1a: Jynx|Nasty Plot|p1a: Jynx
|-boost|p1a: Jynx|spa|2
|
|upkeep
|turn|8
|
|t:|1712099926
|move|p1a: Jynx|Ice Beam|p2a: Shuckle
|-damage|p2a: Shuckle|6\/175
|-status|p2a: Shuckle|frz
|-damage|p1a: Jynx|233\/258|[from] item: Life Orb
|cant|p2a: Shuckle|frz
|
|upkeep
|turn|9
|
|t:|1712099933
|move|p1a: Jynx|Psyshock|p2a: Shuckle
|-damage|p2a: Shuckle|0 fnt
|faint|p2a: Shuckle
|-damage|p1a: Jynx|208\/258|[from] item: Life Orb
|
|upkeep
|
|t:|1712099935
|switch|p2a: Houndoom|Houndoom, L81, F|253\/253
|-damage|p2a: Houndoom|190\/253|[from] Stealth Rock
|turn|10
|
|t:|1712099956
|detailschange|p2a: Houndoom|Houndoom-Mega, L81, F
|-mega|p2a: Houndoom|Houndoom|Houndoominite
|move|p2a: Houndoom|Fire Blast|p1a: Jynx
|-supereffective|p1a: Jynx
|-damage|p1a: Jynx|0 fnt
|faint|p1a: Jynx
|
|upkeep
|
|t:|1712099962
|switch|p1a: Exploud|Exploud, L86, F|319\/319
|turn|11
|
|t:|1712099969
|move|p2a: Houndoom|Dark Pulse|p1a: Exploud
|-crit|p1a: Exploud
|-damage|p1a: Exploud|136\/319
|cant|p1a: Exploud|flinch
|
|upkeep
|turn|12
|
|t:|1712099982
|move|p2a: Houndoom|Fire Blast|p1a: Exploud
|-damage|p1a: Exploud|0 fnt
|faint|p1a: Exploud
|
|upkeep
|
|t:|1712099987
|switch|p1a: Solgaleo|Solgaleo, L74|325\/325
|turn|13
|
|t:|1712100005
|move|p2a: Houndoom|Dark Pulse|p1a: Solgaleo
|-supereffective|p1a: Solgaleo
|-damage|p1a: Solgaleo|107\/325
|-enditem|p1a: Solgaleo|Weakness Policy
|-boost|p1a: Solgaleo|atk|2|[from] item: Weakness Policy
|-boost|p1a: Solgaleo|spa|2|[from] item: Weakness Policy
|move|p1a: Solgaleo|Flame Charge|p2a: Houndoom
|-resisted|p2a: Houndoom
|-damage|p2a: Houndoom|154\/253
|-boost|p1a: Solgaleo|spe|1
|
|upkeep
|turn|14
|
|t:|1712100011
|move|p1a: Solgaleo|Sunsteel Strike|p2a: Houndoom
|-resisted|p2a: Houndoom
|-damage|p2a: Houndoom|36\/253
|move|p2a: Houndoom|Dark Pulse|p1a: Solgaleo
|-supereffective|p1a: Solgaleo
|-damage|p1a: Solgaleo|0 fnt
|faint|p1a: Solgaleo
|
|upkeep
|
|t:|1712100013
|switch|p1a: Magearna|Magearna, L77|250\/250
|turn|15
|
|t:|1712100016
|move|p2a: Houndoom|Fire Blast|p1a: Magearna
|-supereffective|p1a: Magearna
|-damage|p1a: Magearna|0 fnt
|faint|p1a: Magearna
|
|win|NTsweeper007
|raw|TxGaAlvin's rating: 1563 &rarr; <strong>1557<\/strong><br \/>(-6 for losing)
|raw|NTsweeper007's rating: 1875 &rarr; <strong>1881<\/strong><br \/>(+6 for winning)
|l|☆TxGaAlvin
|player|p1|
</script>
</div>
<div class="battle-log battle-log-inline"><div class="inner"><div class="battle-options"></div><div class="inner message-log"><div class="notice uhtml-medalmsg"><div class="broadcast-blue">Curious what those medals under the avatar are? PS now has Ladder Seasons! For more information, check out the <a href="https://www.smogon.com/forums/threads/3740067/" target="_blank" rel="noopener">thread on Smogon.</a></div></div><div class="chat"><small>☆TxGaAlvin and ☆NTsweeper007 joined</small></div><div class=""><small>Format:</small> <br><strong>[Gen 7] Random Battle</strong></div><div class="rated"><strong>Rated battle</strong></div><div class=""><small><em>Sleep Clause Mod:</em> Limit one foe put to sleep</small></div><div class=""><small><em>HP Percentage Mod:</em> HP is shown in percentages</small></div><div class=""><small><em>Illusion Level Mod:</em> Illusion disguises the Pokémon's true level</small></div><div class="spacer battle-history"><br></div><div class="battle-history">Battle started between TxGaAlvin and NTsweeper007!<br></div><div class="spacer battle-history"><br></div><div class="battle-history">TxGaAlvin sent out <strong>Mudsdale</strong>!<br></div><div class="spacer battle-history"><br></div><div class="battle-history">Go! <strong>Mimikyu</strong>!<br></div><div class="spacer battle-history"><br></div><h2 class="battle-history">Turn 1</h2><div class="chat message-error">Battle timer is ON: inactive players will automatically lose when time's up. (requested by TxGaAlvin)</div><div class="spacer battle-history"><br></div><div class="battle-history">Mimikyu used <strong>Swords Dance</strong>!<br></div><div class="battle-history"><small>Mimikyu's Attack rose sharply!</small><br></div><div class="spacer battle-history"><br></div><div class="battle-history">The opposing Mudsdale used <strong>Stealth Rock</strong>!<br></div><div class="battle-history"><small>Pointed stones float in the air around your team!</small><br></div><div class="spacer battle-history"><br></div><h2 class="battle-history">Turn 2</h2><div class="spacer battle-history"><br></div><div class="battle-history">Mimikyu used <strong>Swords Dance</strong>!<br></div><div class="battle-history"><small>Mimikyu's Attack rose sharply!</small><br></div><div class="spacer battle-history"><br></div><div class="battle-history">The opposing Mudsdale used <strong>Earthquake</strong>!<br></div><div class="battle-history">[Mimikyu's Disguise]<br><small>Its disguise served it as a decoy!</small><br></div><div class="battle-history"><small>(Mimikyu lost <abbr title="0/203">0%</abbr> of its health!)</small><br></div><div class="battle-history">Mimikyu's disguise was busted!<br></div><div class="spacer battle-history"><br></div><h2 class="battle-history">Turn 3</h2><div class="spacer battle-history"><br></div><div class="battle-history">Mimikyu used <strong>Play Rough</strong>!<br></div><div class="battle-history"><small>(The opposing Mudsdale lost <abbr title="−265/305">86.9%</abbr> of its health!)</small><br></div><div class="battle-history">[The opposing Mudsdale's Stamina]<br></div><div class="battle-history"><small>The opposing Mudsdale's Defense rose!</small><br></div><div class="battle-history"><small>Mimikyu lost some of its HP!</small><br></div><div class="spacer battle-history"><br></div><div class="battle-history">The opposing Mudsdale used <strong>Earthquake</strong>!<br></div><div class="battle-history"><small>(Mimikyu lost <abbr title="−163/203">80.3%</abbr> of its health!)</small><br></div><div class="spacer battle-history"><br></div><div class="battle-history"><small>The opposing Mudsdale restored a little HP using its Leftovers!</small><br></div><div class="spacer battle-history"><br></div><h2 class="battle-history">Turn 4</h2><div class="spacer battle-history"><br></div><div class="battle-history">Mimikyu used <strong>Drain Punch</strong>!<br></div><div class="battle-history"><small>(The opposing Mudsdale lost <abbr title="−59/305">19.3%</abbr> of its health!)</small><br></div><div class="battle-history"><small>The opposing Mudsdale had its energy drained!</small><br></div><div class="spacer battle-history"><br></div><div class="battle-history">The opposing Mudsdale fainted!<br></div><div class="battle-history"><small>Mimikyu lost some of its HP!</small><br></div><div class="spacer battle-history"><br></div><div class="battle-history">TxGaAlvin sent out <strong>Chatot</strong>!<br></div><div class="spacer battle-history"><br></div><h2 class="battle-history">Turn 5</h2><div class="spacer battle-history"><br></div><div class="battle-history">The opposing Chatot used <strong>Chatter</strong>!<br></div><div class="battle-history"><small>(Mimikyu lost <abbr title="−30/203">14.8%</abbr> of its health!)</small><br></div><div class="spacer battle-history"><br></div><div class="battle-history">Mimikyu fainted!<br></div><div class="spacer battle-history"><br></div><div class="battle-history">Go! <strong>Latias</strong>!<br></div><div class="battle-history"><small>Pointed stones dug into Latias!</small><br></div><div class="spacer battle-history"><br></div><h2 class="battle-history">Turn 6</h2><div class="spacer battle-history"><br></div><div class="battle-history">Latias used <strong>Draco Meteor</strong>!<br></div><div class="battle-history"><small>(The opposing Chatot lost <abbr title="−279/279">100%</abbr> of its health!)</small><br></div><div class="battle-history"><small>Latias's Sp. Atk fell harshly!</small><br></div><div class="spacer battle-history"><br></div><div class="battle-history">The opposing Chatot fainted!<br></div><div class="spacer battle-history"><br></div><div class="battle-history">TxGaAlvin sent out <strong>Jynx</strong>!<br></div><div class="spacer battle-history"><br></div><h2 class="battle-history">Turn 7</h2><div class="spacer battle-history"><br></div><div class="battle-history">Latias, come back!<br></div><div class="battle-history">Go! <strong>Shuckle</strong>!<br></div><div class="battle-history"><small>Pointed stones dug into Shuckle!</small><br></div><div class="spacer battle-history"><br></div><div class="battle-history">The opposing Jynx used <strong>Nasty Plot</strong>!<br></div><div class="battle-history"><small>The opposing Jynx's Sp. Atk rose sharply!</small><br></div><div class="spacer battle-history"><br></div><h2 class="battle-history">Turn 8</h2><div class="spacer battle-history"><br></div><div class="battle-history">The opposing Jynx used <strong>Ice Beam</strong>!<br></div><div class="battle-history"><small>(Shuckle lost <abbr title="−126/175">72%</abbr> of its health!)</small><br></div><div class="battle-history"><small>Shuckle was frozen solid!</small><br></div><div class="battle-history"><small>The opposing Jynx lost some of its HP!</small><br></div><div class="spacer battle-history"><br></div><div class="battle-history">Shuckle is frozen solid!<br></div><div class="spacer battle-history"><br></div><h2 class="battle-history">Turn 9</h2><div class="spacer battle-history"><br></div><div class="battle-history">The opposing Jynx used <strong>Psyshock</strong>!<br></div><div class="battle-history"><small>(Shuckle lost <abbr title="−6/175">3.4%</abbr> of its health!)</small><br></div><div class="spacer battle-history"><br></div><div class="battle-history">Shuckle fainted!<br></div><div class="battle-history"><small>The opposing Jynx lost some of its HP!</small><br></div><div class="spacer battle-history"><br></div><div class="battle-history">Go! <strong>Houndoom</strong>!<br></div><div class="battle-history"><small>Pointed stones dug into Houndoom!</small><br></div><div class="spacer battle-history"><br></div><h2 class="battle-history">Turn 10</h2><div class="spacer battle-history"><br></div><div class="battle-history"><small>Houndoom's Houndoominite is reacting to the Key Stone!</small><br>Houndoom has Mega Evolved into Mega Houndoom!<br></div><div class="spacer battle-history"><br></div><div class="battle-history">Houndoom used <strong>Fire Blast</strong>!<br></div><div class="battle-history"><small>It's super effective!</small><br></div><div class="battle-history"><small>(The opposing Jynx lost <abbr title="−208/258">80.6%</abbr> of its health!)</small><br></div><div class="spacer battle-history"><br></div><div class="battle-history">The opposing Jynx fainted!<br></div><div class="spacer battle-history"><br></div><div class="battle-history">TxGaAlvin sent out <strong>Exploud</strong>!<br></div><div class="spacer battle-history"><br></div><h2 class="battle-history">Turn 11</h2><div class="spacer battle-history"><br></div><div class="battle-history">Houndoom used <strong>Dark Pulse</strong>!<br></div><div class="battle-history"><small>A critical hit!</small><br></div><div class="battle-history"><small>(The opposing Exploud lost <abbr title="−183/319">57.4%</abbr> of its health!)</small><br></div><div class="spacer battle-history"><br></div><div class="battle-history">The opposing Exploud flinched and couldn't move!<br></div><div class="spacer battle-history"><br></div><h2 class="battle-history">Turn 12</h2><div class="spacer battle-history"><br></div><div class="battle-history">Houndoom used <strong>Fire Blast</strong>!<br></div><div class="battle-history"><small>(The opposing Exploud lost <abbr title="−136/319">42.6%</abbr> of its health!)</small><br></div><div class="spacer battle-history"><br></div><div class="battle-history">The opposing Exploud fainted!<br></div><div class="spacer battle-history"><br></div><div class="battle-history">TxGaAlvin sent out <strong>Solgaleo</strong>!<br></div><div class="spacer battle-history"><br></div><h2 class="battle-history">Turn 13</h2><div class="spacer battle-history"><br></div><div class="battle-history">Houndoom used <strong>Dark Pulse</strong>!<br></div><div class="battle-history"><small>It's super effective!</small><br></div><div class="battle-history"><small>(The opposing Solgaleo lost <abbr title="−218/325">67.1%</abbr> of its health!)</small><br></div><div class="battle-history"><small>(The opposing Solgaleo used its Weakness Policy!)</small><br></div><div class="battle-history"><small>The Weakness Policy sharply raised the opposing Solgaleo's Attack!</small><br></div><div class="battle-history"><small>The Weakness Policy sharply raised the opposing Solgaleo's Sp. Atk!</small><br></div><div class="spacer battle-history"><br></div><div class="battle-history">The opposing Solgaleo used <strong>Flame Charge</strong>!<br></div><div class="battle-history"><small>It's not very effective...</small><br></div><div class="battle-history"><small>(Houndoom lost <abbr title="−36/253">14.2%</abbr> of its health!)</small><br></div><div class="battle-history"><small>The opposing Solgaleo's Speed rose!</small><br></div><div class="spacer battle-history"><br></div><h2 class="battle-history">Turn 14</h2><div class="spacer battle-history"><br></div><div class="battle-history">The opposing Solgaleo used <strong>Sunsteel Strike</strong>!<br></div><div class="battle-history"><small>It's not very effective...</small><br></div><div class="battle-history"><small>(Houndoom lost <abbr title="−118/253">46.6%</abbr> of its health!)</small><br></div><div class="spacer battle-history"><br></div><div class="battle-history">Houndoom used <strong>Dark Pulse</strong>!<br></div><div class="battle-history"><small>It's super effective!</small><br></div><div class="battle-history"><small>(The opposing Solgaleo lost <abbr title="−107/325">32.9%</abbr> of its health!)</small><br></div><div class="spacer battle-history"><br></div><div class="battle-history">The opposing Solgaleo fainted!<br></div><div class="spacer battle-history"><br></div><div class="battle-history">TxGaAlvin sent out <strong>Magearna</strong>!<br></div><div class="spacer battle-history"><br></div><h2 class="battle-history">Turn 15</h2><div class="spacer battle-history"><br></div><div class="battle-history">Houndoom used <strong>Fire Blast</strong>!<br></div><div class="battle-history"><small>It's super effective!</small><br></div><div class="battle-history"><small>(The opposing Magearna lost <abbr title="−250/250">100%</abbr> of its health!)</small><br></div><div class="spacer battle-history"><br></div><div class="battle-history">The opposing Magearna fainted!<br></div><div class="spacer battle-history"><br></div><div class="battle-history"><strong>NTsweeper007</strong> won the battle!<br></div><div class="chat">TxGaAlvin's rating: 1563 → <strong>1557</strong><br>(-6 for losing)</div><div class="chat">NTsweeper007's rating: 1875 → <strong>1881</strong><br>(+6 for winning)</div><div class="chat"><small>☆TxGaAlvin left</small></div></div><div class="inner-preempt message-log"></div></div></div>
</div>
<script>
let daily = Math.floor(Date.now()/1000/60/60/24);document.write('<script src="https://play.pokemonshowdown.com/js/replay-embed.js?version'+daily+'"></'+'script>');
</script>
