<!DOCTYPE html>
<meta charset="utf-8" />
<!-- version 1 -->
<title>[Gen 7] Random Battle replay: sylvee1 vs. Random Elite Intro</title>
<style>
html,body {font-family:Verdana, sans-serif;font-size:10pt;margin:0;padding:0;}body{padding:12px 0;} .battle-log {font-family:Verdana, sans-serif;font-size:10pt;} .battle-log-inline {border:1px solid #AAAAAA;background:#EEF2F5;color:black;max-width:640px;margin:0 auto 80px;padding-bottom:5px;} .battle-log .inner {padding:4px 8px 0px 8px;} .battle-log .inner-preempt {padding:0 8px 4px 8px;} .battle-log .inner-after {margin-top:0.5em;} .battle-log h2 {margin:0.5em -8px;padding:4px 8px;border:1px solid #AAAAAA;background:#E0E7EA;border-left:0;border-right:0;font-family:Verdana, sans-serif;font-size:13pt;} .battle-log .chat {vertical-align:middle;padding:3px 0 3px 0;font-size:8pt;} .battle-log .chat strong {color:#40576A;} .battle-log .chat em {padding:1px 4px 1px 3px;color:#000000;font-style:normal;} .chat.mine {background:rgba(0,0,0,0.05);margin-left:-8px;margin-right:-8px;padding-left:8px;padding-right:8px;} .spoiler {color:#BBBBBB;background:#BBBBBB;padding:0px 3px;} .spoiler:hover, .spoiler:active, .spoiler-shown {color:#000000;background:#E2E2E2;padding:0px 3px;} .spoiler a {color:#BBBBBB;} .spoiler:hover a, .spoiler:active a, .spoiler-shown a {color:#2288CC;} .chat code, .chat .spoiler:hover code, .chat .spoiler:active code, .chat .spoiler-shown code {border:1px solid #C0C0C0;background:#EEEEEE;color:black;padding:0 2px;} .chat .spoiler code {border:1px solid #CCCCCC;background:#CCCCCC;color:#CCCCCC;} .battle-log .rated {padding:3px 4px;} .battle-log .rated strong {color:white;background:#89A;padding:1px 4px;border-radius:4px;} .spacer {margin-top:0.5em;} .message-announce {background:#6688AA;color:white;padding:1px 4px 2px;} .message-announce a, .broadcast-green a, .broadcast-blue a, .broadcast-red a {color:#DDEEFF;} .broadcast-green {background-color:#559955;color:white;padding:2px 4px;} .broadcast-blue {background-color:#6688AA;color:white;padding:2px 4px;} .infobox {border:1px solid #6688AA;padding:2px 4px;} .infobox-limited {max-height:200px;overflow:auto;overflow-x:hidden;} .broadcast-red {background-color:#AA5544;color:white;padding:2px 4px;} .message-learn-canlearn {font-weight:bold;color:#228822;text-decoration:underline;} .message-learn-cannotlearn {font-weight:bold;color:#CC2222;text-decoration:underline;} .message-effect-weak {font-weight:bold;color:#CC2222;} .message-effect-resist {font-weight:bold;color:#6688AA;} .message-effect-immune {font-weight:bold;color:#666666;} .message-learn-list {margin-top:0;margin-bottom:0;} .message-throttle-notice, .message-error {color:#992222;} .message-overflow, .chat small.message-overflow {font-size:0pt;} .message-overflow::before {font-size:9pt;content:'...';} .subtle {color:#3A4A66;}
</style>
<div class="wrapper replay-wrapper" style="max-width:1180px;margin:0 auto">
<input type="hidden" name="replayid" value="gen7randombattle-2110298694" />
<div class="battle"></div><div class="battle-log"></div><div class="replay-controls"></div><div class="replay-controls-2"></div>
<h1 style="font-weight:normal;text-align:center"><strong>[Gen 7] Random Battle</strong><br /><a href="http://pokemonshowdown.com/users/sylvee1" class="subtle" target="_blank">sylvee1</a> vs. <a href="http://pokemonshowdown.com/users/randomeliteintro" class="subtle" target="_blank">Random Elite Intro</a></h1>
<script type="text/plain" class="battle-log-data">|uhtml|medal-msg|<div class="broadcast-blue">Curious what those medals under the avatar are? PS now has Ladder Seasons! For more information, check out the <a href="https:\/\/www.smogon.com\/forums\/threads\/3740067\/">thread on Smogon.<\/a><\/div>
|uhtml|medal-msg|<div class="broadcast-blue">Curious what those medals under the avatar are? PS now has Ladder Seasons! For more information, check out the <a href="https:\/\/www.smogon.com\/forums\/threads\/3740067\/">thread on Smogon.<\/a><\/div>
|j|☆sylvee1
|j|☆Random Elite Intro
|t:|1713933990
|gametype|singles
|player|p1|sylvee1|serena-masters2|
|player|p2|Random Elite Intro|sycamore-masters|
|teamsize|p1|6
|teamsize|p2|6
|gen|7
|tier|[Gen 7] Random Battle
|rated|Tournament battle
|rule|Sleep Clause Mod: Limit one foe put to sleep
|rule|HP Percentage Mod: HP is shown in percentages
|rule|Illusion Level Mod: Illusion disguises the Pokémon's true level
|
|t:|1713933990
|start
|switch|p1a: Oricorio|Oricorio-Sensu, L89, M|278\/278
|switch|p2a: Espeon|Espeon, L84, M|246\/246
|turn|1
|inactive|Battle timer is ON: inactive players will automatically lose when time's up. (requested by sylvee1)
|
|t:|1713934001
|switch|p1a: Umbreon|Umbreon, L84, M|297\/297
|move|p2a: Espeon|Shadow Ball|p1a: Umbreon
|-resisted|p1a: Umbreon
|-damage|p1a: Umbreon|263\/297
|-damage|p2a: Espeon|222\/246|[from] item: Life Orb
|
|-heal|p1a: Umbreon|281\/297|[from] item: Leftovers
|upkeep
|turn|2
|c|☆Random Elite Intro|brother
|
|t:|1713934016
|switch|p2a: Conkeldurr|Conkeldurr, L82, F|306\/306
|switch|p1a: Houndoom|Houndoom, L81, F|254\/254
|
|-status|p2a: Conkeldurr|brn|[from] item: Flame Orb
|upkeep
|turn|3
|c|☆sylvee1|yeah
|
|t:|1713934031
|switch|p1a: Oricorio|Oricorio-Sensu, L89, M|278\/278
|move|p2a: Conkeldurr|Knock Off|p1a: Oricorio
|-supereffective|p1a: Oricorio
|-damage|p1a: Oricorio|4\/278
|-enditem|p1a: Oricorio|Leftovers|[from] move: Knock Off|[of] p2a: Conkeldurr
|
|-damage|p2a: Conkeldurr|287\/306 brn|[from] brn
|upkeep
|turn|4
|
|t:|1713934036
|move|p1a: Oricorio|Hurricane|p2a: Conkeldurr
|-supereffective|p2a: Conkeldurr
|-damage|p2a: Conkeldurr|0 fnt
|faint|p2a: Conkeldurr
|
|upkeep
|
|t:|1713934055
|switch|p2a: Basculin|Basculin-Blue-Striped, L86, M|261\/261
|turn|5
|j| olekpop1
|l| olekpop1
|
|t:|1713934060
|move|p2a: Basculin|Liquidation|p1a: Oricorio
|-damage|p1a: Oricorio|0 fnt
|faint|p1a: Oricorio
|
|upkeep
|
|t:|1713934067
|switch|p1a: Toxicroak|Toxicroak, L84, M|277\/277
|turn|6
|
|t:|1713934076
|switch|p2a: Granbull|Granbull, L88, F|302\/302
|-ability|p2a: Granbull|Intimidate|boost
|-unboost|p1a: Toxicroak|atk|1
|move|p1a: Toxicroak|Swords Dance|p1a: Toxicroak
|-boost|p1a: Toxicroak|atk|2
|
|upkeep
|turn|7
|
|t:|1713934084
|move|p1a: Toxicroak|Gunk Shot|p2a: Granbull|[miss]
|-miss|p1a: Toxicroak|p2a: Granbull
|move|p2a: Granbull|Earthquake|p1a: Toxicroak
|-supereffective|p1a: Toxicroak
|-damage|p1a: Toxicroak|61\/277
|
|upkeep
|turn|8
|
|t:|1713934097
|switch|p2a: Sunflora|Sunflora, F|312\/312
|move|p1a: Toxicroak|Gunk Shot|p2a: Sunflora
|-supereffective|p2a: Sunflora
|-damage|p2a: Sunflora|0 fnt
|faint|p2a: Sunflora
|-damage|p1a: Toxicroak|34\/277|[from] item: Life Orb
|
|upkeep
|
|t:|1713934119
|switch|p2a: Espeon|Espeon, L84, M|222\/246
|turn|9
|
|t:|1713934132
|move|p1a: Toxicroak|Sucker Punch|p2a: Espeon
|-supereffective|p2a: Espeon
|-damage|p2a: Espeon|0 fnt
|faint|p2a: Espeon
|-damage|p1a: Toxicroak|7\/277|[from] item: Life Orb
|
|upkeep
|inactive|Random Elite Intro has 120 seconds left.
|
|t:|1713934148
|switch|p2a: Basculin|Basculin-Blue-Striped, L86, M|261\/261
|turn|10
|
|t:|1713934171
|switch|p1a: Umbreon|Umbreon, L84, M|281\/297
|move|p2a: Basculin|Head Smash|p1a: Umbreon
|-damage|p1a: Umbreon|144\/297
|-damage|p2a: Basculin|192\/261|[from] Recoil
|
|-heal|p1a: Umbreon|162\/297|[from] item: Leftovers
|upkeep
|turn|11
|
|t:|1713934176
|switch|p2a: Granbull|Granbull, L88, F|302\/302
|-ability|p2a: Granbull|Intimidate|boost
|-unboost|p1a: Umbreon|atk|1
|move|p1a: Umbreon|Moonlight|p1a: Umbreon
|-heal|p1a: Umbreon|297\/297
|
|upkeep
|turn|12
|
|t:|1713934182
|switch|p1a: Victreebel|Victreebel, L90, F|290\/290
|move|p2a: Granbull|Play Rough|p1a: Victreebel
|-resisted|p1a: Victreebel
|-damage|p1a: Victreebel|215\/290
|
|upkeep
|turn|13
|
|t:|1713934194
|switch|p2a: Basculin|Basculin-Blue-Striped, L86, M|192\/261
|move|p1a: Victreebel|Poison Jab|p2a: Basculin
|-damage|p2a: Basculin|19\/261
|-damage|p1a: Victreebel|186\/290|[from] item: Life Orb
|
|upkeep
|turn|14
|
|t:|1713934198
|move|p1a: Victreebel|Sucker Punch|p2a: Basculin
|-damage|p2a: Basculin|0 fnt
|faint|p2a: Basculin
|-damage|p1a: Victreebel|157\/290|[from] item: Life Orb
|
|upkeep
|
|t:|1713934218
|switch|p2a: Granbull|Granbull, L88, F|302\/302
|-ability|p2a: Granbull|Intimidate|boost
|-unboost|p1a: Victreebel|atk|1
|turn|15
|
|t:|1713934226
|move|p1a: Victreebel|Swords Dance|p1a: Victreebel
|-boost|p1a: Victreebel|atk|2
|move|p2a: Granbull|Earthquake|p1a: Victreebel
|-damage|p1a: Victreebel|55\/290
|
|upkeep
|turn|16
|
|t:|1713934234
|move|p1a: Victreebel|Poison Jab|p2a: Granbull
|-supereffective|p2a: Granbull
|-crit|p2a: Granbull
|-damage|p2a: Granbull|0 fnt
|faint|p2a: Granbull
|-damage|p1a: Victreebel|26\/290|[from] item: Life Orb
|
|upkeep
|
|t:|1713934237
|switch|p2a: Primeape|Primeape, L89, M|260\/260
|turn|17
|
|t:|1713934241
|move|p2a: Primeape|Close Combat|p1a: Victreebel
|-resisted|p1a: Victreebel
|-damage|p1a: Victreebel|0 fnt
|-unboost|p2a: Primeape|def|1
|-unboost|p2a: Primeape|spd|1
|faint|p1a: Victreebel
|
|upkeep
|
|t:|1713934261
|switch|p1a: Toxicroak|Toxicroak, L84, M|7\/277
|turn|18
|
|t:|1713934264
|move|p1a: Toxicroak|Sucker Punch|p2a: Primeape
|-resisted|p2a: Primeape
|-damage|p2a: Primeape|195\/260
|-damage|p1a: Toxicroak|0 fnt|[from] item: Life Orb
|faint|p1a: Toxicroak
|move|p2a: Primeape|Close Combat|p1: Toxicroak|[notarget]
|-fail|p2a: Primeape
|
|upkeep
|inactive|sylvee1 has 120 seconds left.
|
|t:|1713934307
|switch|p1a: Houndoom|Houndoom, L81, F|254\/254
|turn|19
|
|t:|1713934316
|detailschange|p1a: Houndoom|Houndoom-Mega, L81, F
|-mega|p1a: Houndoom|Houndoom|Houndoominite
|move|p2a: Primeape|Close Combat|p1a: Houndoom
|-supereffective|p1a: Houndoom
|-damage|p1a: Houndoom|0 fnt
|-unboost|p2a: Primeape|def|1
|-unboost|p2a: Primeape|spd|1
|faint|p1a: Houndoom
|
|upkeep
|
|t:|1713934322
|switch|p1a: Gumshoos|Gumshoos, L93, F|315\/315
|turn|20
|inactive|sylvee1 has 120 seconds left.
|
|t:|1713934343
|move|p2a: Primeape|Close Combat|p1a: Gumshoos
|-supereffective|p1a: Gumshoos
|-damage|p1a: Gumshoos|0 fnt
|-unboost|p2a: Primeape|def|1
|-unboost|p2a: Primeape|spd|1
|faint|p1a: Gumshoos
|
|upkeep
|
|t:|1713934345
|switch|p1a: Umbreon|Umbreon, L84, M|297\/297
|turn|21
|c|☆Random Elite Intro|i knew holding it was a good idea
|
|t:|1713934351
|move|p2a: Primeape|Close Combat|p1a: Umbreon
|-supereffective|p1a: Umbreon
|-damage|p1a: Umbreon|51\/297
|-unboost|p2a: Primeape|def|1
|-unboost|p2a: Primeape|spd|1
|move|p1a: Umbreon|Foul Play|p2a: Primeape
|-resisted|p2a: Primeape
|-damage|p2a: Primeape|0 fnt
|faint|p2a: Primeape
|
|win|sylvee1
|n|☆sylvee1|sylvee1
|n|☆Random Elite Intro|randomeliteintro
|c|☆Random Elite Intro|gg
|c|☆sylvee1|phew
|c|☆sylvee1|gg
|c|☆sylvee1|almost got me
|c|☆sylvee1|wp
|c|☆Random Elite Intro|same
</script>
</div>
<div class="battle-log battle-log-inline"><div class="inner"><div class="battle-options"></div><div class="inner message-log"><div class="notice uhtml-medalmsg"><div class="broadcast-blue">Curious what those medals under the avatar are? PS now has Ladder Seasons! For more information, check out the <a href="https://www.smogon.com/forums/threads/3740067/" target="_blank" rel="noopener">thread on Smogon.</a></div></div><div class="chat"><small>☆sylvee1 and ☆Random Elite Intro joined</small></div><div class=""><small>Format:</small> <br><strong>[Gen 7] Random Battle</strong></div><div class="rated"><strong>Tournament battle</strong></div><div class=""><small><em>Sleep Clause Mod:</em> Limit one foe put to sleep</small></div><div class=""><small><em>HP Percentage Mod:</em> HP is shown in percentages</small></div><div class=""><small><em>Illusion Level Mod:</em> Illusion disguises the Pokémon's true level</small></div><div class="spacer battle-history"><br></div><div class="battle-history">Battle started between sylvee1 and Random Elite Intro!<br></div><div class="spacer battle-history"><br></div><div class="battle-history">Go! Oricorio (<strong>Oricorio-Sensu</strong>)!<br></div><div class="spacer battle-history"><br></div><div class="battle-history">Random Elite Intro sent out <strong>Espeon</strong>!<br></div><div class="spacer battle-history"><br></div><h2 class="battle-history">Turn 1</h2><div class="chat message-error">Battle timer is ON: inactive players will automatically lose when time's up. (requested by sylvee1)</div><div class="spacer battle-history"><br></div><div class="battle-history">Oricorio, come back!<br></div><div class="battle-history">Go! <strong>Umbreon</strong>!<br></div><div class="spacer battle-history"><br></div><div class="battle-history">The opposing Espeon used <strong>Shadow Ball</strong>!<br></div><div class="battle-history"><small>It's not very effective...</small><br></div><div class="battle-history"><small>(Umbreon lost <abbr title="−34/297">11.4%</abbr> of its health!)</small><br></div><div class="battle-history"><small>The opposing Espeon lost some of its HP!</small><br></div><div class="spacer battle-history"><br></div><div class="battle-history"><small>Umbreon restored a little HP using its Leftovers!</small><br></div><div class="spacer battle-history"><br></div><h2 class="battle-history">Turn 2</h2><div class="chat chatmessage-randomeliteintro"><strong style="color:#0a9f66"><small>☆</small><span class="username" data-name="Random Elite Intro">Random Elite Intro</span>:</strong> <em>brother</em></div><div class="spacer battle-history"><br></div><div class="battle-history">Random Elite Intro withdrew Espeon!<br></div><div class="battle-history">Random Elite Intro sent out <strong>Conkeldurr</strong>!<br></div><div class="spacer battle-history"><br></div><div class="battle-history">Umbreon, come back!<br></div><div class="battle-history">Go! <strong>Houndoom</strong>!<br></div><div class="spacer battle-history"><br></div><div class="battle-history"><small>The opposing Conkeldurr was burned!</small><br></div><div class="spacer battle-history"><br></div><h2 class="battle-history">Turn 3</h2><div class="chat chatmessage-sylvee1"><strong style="color:#2f69e5"><small>☆</small><span class="username" data-name="sylvee1">sylvee1</span>:</strong> <em>yeah</em></div><div class="spacer battle-history"><br></div><div class="battle-history">Houndoom, come back!<br></div><div class="battle-history">Go! Oricorio (<strong>Oricorio-Sensu</strong>)!<br></div><div class="spacer battle-history"><br></div><div class="battle-history">The opposing Conkeldurr used <strong>Knock Off</strong>!<br></div><div class="battle-history"><small>It's super effective!</small><br></div><div class="battle-history"><small>(Oricorio lost <abbr title="−274/278">98.6%</abbr> of its health!)</small><br></div><div class="battle-history"><small>The opposing Conkeldurr knocked off Oricorio's Leftovers!</small><br></div><div class="spacer battle-history"><br></div><div class="battle-history"><small>The opposing Conkeldurr was hurt by its burn!</small><br></div><div class="spacer battle-history"><br></div><h2 class="battle-history">Turn 4</h2><div class="spacer battle-history"><br></div><div class="battle-history">Oricorio used <strong>Hurricane</strong>!<br></div><div class="battle-history"><small>It's super effective!</small><br></div><div class="battle-history"><small>(The opposing Conkeldurr lost <abbr title="−287/306">93.8%</abbr> of its health!)</small><br></div><div class="spacer battle-history"><br></div><div class="battle-history">The opposing Conkeldurr fainted!<br></div><div class="spacer battle-history"><br></div><div class="battle-history">Random Elite Intro sent out Basculin (<strong>Basculin-Blue-Striped</strong>)!<br></div><div class="spacer battle-history"><br></div><h2 class="battle-history">Turn 5</h2><div class="chat"><small> olekpop1 joined;  olekpop1 left</small></div><div class="spacer battle-history"><br></div><div class="battle-history">The opposing Basculin used <strong>Liquidation</strong>!<br></div><div class="battle-history"><small>(Oricorio lost <abbr title="−4/278">1.4%</abbr> of its health!)</small><br></div><div class="spacer battle-history"><br></div><div class="battle-history">Oricorio fainted!<br></div><div class="spacer battle-history"><br></div><div class="battle-history">Go! <strong>Toxicroak</strong>!<br></div><div class="spacer battle-history"><br></div><h2 class="battle-history">Turn 6</h2><div class="spacer battle-history"><br></div><div class="battle-history">Random Elite Intro withdrew Basculin!<br></div><div class="battle-history">Random Elite Intro sent out <strong>Granbull</strong>!<br></div><div class="battle-history">[The opposing Granbull's Intimidate]<br></div><div class="battle-history"><small>Toxicroak's Attack fell!</small><br></div><div class="spacer battle-history"><br></div><div class="battle-history">Toxicroak used <strong>Swords Dance</strong>!<br></div><div class="battle-history"><small>Toxicroak's Attack rose sharply!</small><br></div><div class="spacer battle-history"><br></div><h2 class="battle-history">Turn 7</h2><div class="spacer battle-history"><br></div><div class="battle-history">Toxicroak used <strong>Gunk Shot</strong>!<br></div><div class="battle-history"><small>The opposing Granbull avoided the attack!</small><br></div><div class="spacer battle-history"><br></div><div class="battle-history">The opposing Granbull used <strong>Earthquake</strong>!<br></div><div class="battle-history"><small>It's super effective!</small><br></div><div class="battle-history"><small>(Toxicroak lost <abbr title="−216/277">78.0%</abbr> of its health!)</small><br></div><div class="spacer battle-history"><br></div><h2 class="battle-history">Turn 8</h2><div class="spacer battle-history"><br></div><div class="battle-history">Random Elite Intro withdrew Granbull!<br></div><div class="battle-history">Random Elite Intro sent out <strong>Sunflora</strong>!<br></div><div class="spacer battle-history"><br></div><div class="battle-history">Toxicroak used <strong>Gunk Shot</strong>!<br></div><div class="battle-history"><small>It's super effective!</small><br></div><div class="battle-history"><small>(The opposing Sunflora lost <abbr title="−312/312">100%</abbr> of its health!)</small><br></div><div class="spacer battle-history"><br></div><div class="battle-history">The opposing Sunflora fainted!<br></div><div class="battle-history"><small>Toxicroak lost some of its HP!</small><br></div><div class="spacer battle-history"><br></div><div class="battle-history">Random Elite Intro sent out <strong>Espeon</strong>!<br></div><div class="spacer battle-history"><br></div><h2 class="battle-history">Turn 9</h2><div class="spacer battle-history"><br></div><div class="battle-history">Toxicroak used <strong>Sucker Punch</strong>!<br></div><div class="battle-history"><small>It's super effective!</small><br></div><div class="battle-history"><small>(The opposing Espeon lost <abbr title="−222/246">90.2%</abbr> of its health!)</small><br></div><div class="spacer battle-history"><br></div><div class="battle-history">The opposing Espeon fainted!<br></div><div class="battle-history"><small>Toxicroak lost some of its HP!</small><br></div><div class="chat message-error">Random Elite Intro has 120 seconds left.</div><div class="spacer battle-history"><br></div><div class="battle-history">Random Elite Intro sent out Basculin (<strong>Basculin-Blue-Striped</strong>)!<br></div><div class="spacer battle-history"><br></div><h2 class="battle-history">Turn 10</h2><div class="spacer battle-history"><br></div><div class="battle-history">Toxicroak, come back!<br></div><div class="battle-history">Go! <strong>Umbreon</strong>!<br></div><div class="spacer battle-history"><br></div><div class="battle-history">The opposing Basculin used <strong>Head Smash</strong>!<br></div><div class="battle-history"><small>(Umbreon lost <abbr title="−137/297">46.1%</abbr> of its health!)</small><br></div><div class="battle-history"><small>The opposing Basculin was damaged by the recoil!</small><br></div><div class="spacer battle-history"><br></div><div class="battle-history"><small>Umbreon restored a little HP using its Leftovers!</small><br></div><div class="spacer battle-history"><br></div><h2 class="battle-history">Turn 11</h2><div class="spacer battle-history"><br></div><div class="battle-history">Random Elite Intro withdrew Basculin!<br></div><div class="battle-history">Random Elite Intro sent out <strong>Granbull</strong>!<br></div><div class="battle-history">[The opposing Granbull's Intimidate]<br></div><div class="battle-history"><small>Umbreon's Attack fell!</small><br></div><div class="spacer battle-history"><br></div><div class="battle-history">Umbreon used <strong>Moonlight</strong>!<br></div><div class="battle-history"><small>Umbreon had its HP restored.</small><br></div><div class="spacer battle-history"><br></div><h2 class="battle-history">Turn 12</h2><div class="spacer battle-history"><br></div><div class="battle-history">Umbreon, come back!<br></div><div class="battle-history">Go! <strong>Victreebel</strong>!<br></div><div class="spacer battle-history"><br></div><div class="battle-history">The opposing Granbull used <strong>Play Rough</strong>!<br></div><div class="battle-history"><small>It's not very effective...</small><br></div><div class="battle-history"><small>(Victreebel lost <abbr title="−75/290">25.9%</abbr> of its health!)</small><br></div><div class="spacer battle-history"><br></div><h2 class="battle-history">Turn 13</h2><div class="spacer battle-history"><br></div><div class="battle-history">Random Elite Intro withdrew Granbull!<br></div><div class="battle-history">Random Elite Intro sent out Basculin (<strong>Basculin-Blue-Striped</strong>)!<br></div><div class="spacer battle-history"><br></div><div class="battle-history">Victreebel used <strong>Poison Jab</strong>!<br></div><div class="battle-history"><small>(The opposing Basculin lost <abbr title="−173/261">66.3%</abbr> of its health!)</small><br></div><div class="battle-history"><small>Victreebel lost some of its HP!</small><br></div><div class="spacer battle-history"><br></div><h2 class="battle-history">Turn 14</h2><div class="spacer battle-history"><br></div><div class="battle-history">Victreebel used <strong>Sucker Punch</strong>!<br></div><div class="battle-history"><small>(The opposing Basculin lost <abbr title="−19/261">7.3%</abbr> of its health!)</small><br></div><div class="spacer battle-history"><br></div><div class="battle-history">The opposing Basculin fainted!<br></div><div class="battle-history"><small>Victreebel lost some of its HP!</small><br></div><div class="spacer battle-history"><br></div><div class="battle-history">Random Elite Intro sent out <strong>Granbull</strong>!<br></div><div class="battle-history">[The opposing Granbull's Intimidate]<br></div><div class="battle-history"><small>Victreebel's Attack fell!</small><br></div><div class="spacer battle-history"><br></div><h2 class="battle-history">Turn 15</h2><div class="spacer battle-history"><br></div><div class="battle-history">Victreebel used <strong>Swords Dance</strong>!<br></div><div class="battle-history"><small>Victreebel's Attack rose sharply!</small><br></div><div class="spacer battle-history"><br></div><div class="battle-history">The opposing Granbull used <strong>Earthquake</strong>!<br></div><div class="battle-history"><small>(Victreebel lost <abbr title="−102/290">35.2%</abbr> of its health!)</small><br></div><div class="spacer battle-history"><br></div><h2 class="battle-history">Turn 16</h2><div class="spacer battle-history"><br></div><div class="battle-history">Victreebel used <strong>Poison Jab</strong>!<br></div><div class="battle-history"><small>It's super effective!</small><br></div><div class="battle-history"><small>A critical hit!</small><br></div><div class="battle-history"><small>(The opposing Granbull lost <abbr title="−302/302">100%</abbr> of its health!)</small><br></div><div class="spacer battle-history"><br></div><div class="battle-history">The opposing Granbull fainted!<br></div><div class="battle-history"><small>Victreebel lost some of its HP!</small><br></div><div class="spacer battle-history"><br></div><div class="battle-history">Random Elite Intro sent out <strong>Primeape</strong>!<br></div><div class="spacer battle-history"><br></div><h2 class="battle-history">Turn 17</h2><div class="spacer battle-history"><br></div><div class="battle-history">The opposing Primeape used <strong>Close Combat</strong>!<br></div><div class="battle-history"><small>It's not very effective...</small><br></div><div class="battle-history"><small>(Victreebel lost <abbr title="−26/290">9.0%</abbr> of its health!)</small><br></div><div class="battle-history"><small>The opposing Primeape's Defense fell!</small><br></div><div class="battle-history"><small>The opposing Primeape's Sp. Def fell!</small><br></div><div class="spacer battle-history"><br></div><div class="battle-history">Victreebel fainted!<br></div><div class="spacer battle-history"><br></div><div class="battle-history">Go! <strong>Toxicroak</strong>!<br></div><div class="spacer battle-history"><br></div><h2 class="battle-history">Turn 18</h2><div class="spacer battle-history"><br></div><div class="battle-history">Toxicroak used <strong>Sucker Punch</strong>!<br></div><div class="battle-history"><small>It's not very effective...</small><br></div><div class="battle-history"><small>(The opposing Primeape lost <abbr title="−65/260">25%</abbr> of its health!)</small><br></div><div class="battle-history"><small>Toxicroak lost some of its HP!</small><br></div><div class="spacer battle-history"><br></div><div class="battle-history">Toxicroak fainted!<br></div><div class="battle-history">The opposing Primeape used <strong>Close Combat</strong>!<br></div><div class="battle-history"><small>But it failed!</small><br></div><div class="chat message-error">sylvee1 has 120 seconds left.</div><div class="spacer battle-history"><br></div><div class="battle-history">Go! <strong>Houndoom</strong>!<br></div><div class="spacer battle-history"><br></div><h2 class="battle-history">Turn 19</h2><div class="spacer battle-history"><br></div><div class="battle-history"><small>Houndoom's Houndoominite is reacting to the Key Stone!</small><br>Houndoom has Mega Evolved into Mega Houndoom!<br></div><div class="spacer battle-history"><br></div><div class="battle-history">The opposing Primeape used <strong>Close Combat</strong>!<br></div><div class="battle-history"><small>It's super effective!</small><br></div><div class="battle-history"><small>(Houndoom lost <abbr title="−254/254">100%</abbr> of its health!)</small><br></div><div class="battle-history"><small>The opposing Primeape's Defense fell!</small><br></div><div class="battle-history"><small>The opposing Primeape's Sp. Def fell!</small><br></div><div class="spacer battle-history"><br></div><div class="battle-history">Houndoom fainted!<br></div><div class="spacer battle-history"><br></div><div class="battle-history">Go! <strong>Gumshoos</strong>!<br></div><div class="spacer battle-history"><br></div><h2 class="battle-history">Turn 20</h2><div class="chat message-error">sylvee1 has 120 seconds left.</div><div class="spacer battle-history"><br></div><div class="battle-history">The opposing Primeape used <strong>Close Combat</strong>!<br></div><div class="battle-history"><small>It's super effective!</small><br></div><div class="battle-history"><small>(Gumshoos lost <abbr title="−315/315">100%</abbr> of its health!)</small><br></div><div class="battle-history"><small>The opposing Primeape's Defense fell!</small><br></div><div class="battle-history"><small>The opposing Primeape's Sp. Def fell!</small><br></div><div class="spacer battle-history"><br></div><div class="battle-history">Gumshoos fainted!<br></div><div class="spacer battle-history"><br></div><div class="battle-history">Go! <strong>Umbreon</strong>!<br></div><div class="spacer battle-history"><br></div><h2 class="battle-history">Turn 21</h2><div class="chat chatmessage-randomeliteintro"><strong style="color:#0a9f66"><small>☆</small><span class="username" data-name="Random Elite Intro">Random Elite Intro</span>:</strong> <em>i knew holding it was a good idea</em></div><div class="spacer battle-history"><br></div><div class="battle-history">The opposing Primeape used <strong>Close Combat</strong>!<br></div><div class="battle-history"><small>It's super effective!</small><br></div><div class="battle-history"><small>(Umbreon lost <abbr title="−246/297">82.8%</abbr> of its health!)</small><br></div><div class="battle-history"><small>The opposing Primeape's Defense fell!</small><br></div><div class="battle-history"><small>The opposing Primeape's Sp. Def fell!</small><br></div><div class="spacer battle-history"><br></div><div class="battle-history">Umbreon used <strong>Foul Play</strong>!<br></div><div class="battle-history"><small>It's not very effective...</small><br></div><div class="battle-history"><small>(The opposing Primeape lost <abbr title="−195/260">75%</abbr> of its health!)</small><br></div><div class="spacer battle-history"><br></div><div class="battle-history">The opposing Primeape fainted!<br></div><div class="spacer battle-history"><br></div><div class="battle-history"><strong>sylvee1</strong> won the battle!<br></div><div class="chat chatmessage-randomeliteintro"><strong style="color:#0a9f66"><small>☆</small><span class="username" data-name="Random Elite Intro">Random Elite Intro</span>:</strong> <em>gg</em></div><div class="chat chatmessage-sylvee1"><strong style="color:#2f69e5"><small>☆</small><span class="username" data-name="sylvee1">sylvee1</span>:</strong> <em>phew</em></div><div class="chat chatmessage-sylvee1"><strong style="color:#2f69e5"><small>☆</small><span class="username" data-name="sylvee1">sylvee1</span>:</strong> <em>gg</em></div><div class="chat chatmessage-sylvee1"><strong style="color:#2f69e5"><small>☆</small><span class="username" data-name="sylvee1">sylvee1</span>:</strong> <em>almost got me</em></div><div class="chat chatmessage-sylvee1"><strong style="color:#2f69e5"><small>☆</small><span class="username" data-name="sylvee1">sylvee1</span>:</strong> <em>wp</em></div><div class="chat chatmessage-randomeliteintro"><strong style="color:#0a9f66"><small>☆</small><span class="username" data-name="Random Elite Intro">Random Elite Intro</span>:</strong> <em>same</em></div></div><div class="inner-preempt message-log"></div></div></div>
</div>
<script>
let daily = Math.floor(Date.now()/1000/60/60/24);document.write('<script src="https://play.pokemonshowdown.com/js/replay-embed.js?version'+daily+'"></'+'script>');
</script>
