<!DOCTYPE html>
<meta charset="utf-8" />
<!-- version 1 -->
<title>[Gen 7] Random Battle replay: 35Q71N vs. Panty&amp;Stockings</title>
<style>
html,body {font-family:Verdana, sans-serif;font-size:10pt;margin:0;padding:0;}body{padding:12px 0;} .battle-log {font-family:Verdana, sans-serif;font-size:10pt;} .battle-log-inline {border:1px solid #AAAAAA;background:#EEF2F5;color:black;max-width:640px;margin:0 auto 80px;padding-bottom:5px;} .battle-log .inner {padding:4px 8px 0px 8px;} .battle-log .inner-preempt {padding:0 8px 4px 8px;} .battle-log .inner-after {margin-top:0.5em;} .battle-log h2 {margin:0.5em -8px;padding:4px 8px;border:1px solid #AAAAAA;background:#E0E7EA;border-left:0;border-right:0;font-family:Verdana, sans-serif;font-size:13pt;} .battle-log .chat {vertical-align:middle;padding:3px 0 3px 0;font-size:8pt;} .battle-log .chat strong {color:#40576A;} .battle-log .chat em {padding:1px 4px 1px 3px;color:#000000;font-style:normal;} .chat.mine {background:rgba(0,0,0,0.05);margin-left:-8px;margin-right:-8px;padding-left:8px;padding-right:8px;} .spoiler {color:#BBBBBB;background:#BBBBBB;padding:0px 3px;} .spoiler:hover, .spoiler:active, .spoiler-shown {color:#000000;background:#E2E2E2;padding:0px 3px;} .spoiler a {color:#BBBBBB;} .spoiler:hover a, .spoiler:active a, .spoiler-shown a {color:#2288CC;} .chat code, .chat .spoiler:hover code, .chat .spoiler:active code, .chat .spoiler-shown code {border:1px solid #C0C0C0;background:#EEEEEE;color:black;padding:0 2px;} .chat .spoiler code {border:1px solid #CCCCCC;background:#CCCCCC;color:#CCCCCC;} .battle-log .rated {padding:3px 4px;} .battle-log .rated strong {color:white;background:#89A;padding:1px 4px;border-radius:4px;} .spacer {margin-top:0.5em;} .message-announce {background:#6688AA;color:white;padding:1px 4px 2px;} .message-announce a, .broadcast-green a, .broadcast-blue a, .broadcast-red a {color:#DDEEFF;} .broadcast-green {background-color:#559955;color:white;padding:2px 4px;} .broadcast-blue {background-color:#6688AA;color:white;padding:2px 4px;} .infobox {border:1px solid #6688AA;padding:2px 4px;} .infobox-limited {max-height:200px;overflow:auto;overflow-x:hidden;} .broadcast-red {background-color:#AA5544;color:white;padding:2px 4px;} .message-learn-canlearn {font-weight:bold;color:#228822;text-decoration:underline;} .message-learn-cannotlearn {font-weight:bold;color:#CC2222;text-decoration:underline;} .message-effect-weak {font-weight:bold;color:#CC2222;} .message-effect-resist {font-weight:bold;color:#6688AA;} .message-effect-immune {font-weight:bold;color:#666666;} .message-learn-list {margin-top:0;margin-bottom:0;} .message-throttle-notice, .message-error {color:#992222;} .message-overflow, .chat small.message-overflow {font-size:0pt;} .message-overflow::before {font-size:9pt;content:'...';} .subtle {color:#3A4A66;}
</style>
<div class="wrapper replay-wrapper" style="max-width:1180px;margin:0 auto">
<input type="hidden" name="replayid" value="gen7randombattle-2094584397" />
<div class="battle"></div><div class="battle-log"></div><div class="replay-controls"></div><div class="replay-controls-2"></div>
<h1 style="font-weight:normal;text-align:center"><strong>[Gen 7] Random Battle</strong><br /><a href="http://pokemonshowdown.com/users/35q71n" class="subtle" target="_blank">35Q71N</a> vs. <a href="http://pokemonshowdown.com/users/pantystockings" class="subtle" target="_blank">Panty&amp;Stockings</a></h1>
<script type="text/plain" class="battle-log-data">|uhtml|medal-msg|<div class="broadcast-blue">Curious what those medals under the avatar are? PS now has Ladder Seasons! For more information, check out the <a href="https:\/\/www.smogon.com\/forums\/threads\/3740067\/">thread on Smogon.<\/a><\/div>
|uhtml|medal-msg|<div class="broadcast-blue">Curious what those medals under the avatar are? PS now has Ladder Seasons! For more information, check out the <a href="https:\/\/www.smogon.com\/forums\/threads\/3740067\/">thread on Smogon.<\/a><\/div>
|j|☆35Q71N
|j|☆Panty&Stockings
|t:|1712089515
|gametype|singles
|player|p1|35Q71N|byron|
|player|p2|Panty&Stockings|#rbtt6teamchienpaof|
|teamsize|p1|6
|teamsize|p2|6
|gen|7
|tier|[Gen 7] Random Battle
|rated|Tournament battle
|rule|Sleep Clause Mod: Limit one foe put to sleep
|rule|HP Percentage Mod: HP is shown in percentages
|rule|Illusion Level Mod: Illusion disguises the Pokémon's true level
|
|t:|1712089515
|start
|switch|p1a: Manectric|Manectric, L86, F|261\/261
|switch|p2a: Excadrill|Excadrill, L81, F|311\/311
|-ability|p2a: Excadrill|Mold Breaker
|turn|1
|inactive|Battle timer is ON: inactive players will automatically lose when time's up. (requested by Panty&Stockings)
|j| Anghult
|j| icypenguin604
|c|☆Panty&Stockings|gl
|j| Jhonnatan345
|c|☆35Q71N|Glhf
|c| icypenguin604|oh this is gonnna be good
|j|^Michielleus
|c|☆35Q71N|Don't jinx it D:
|l|^Michielleus
|c| Jhonnatan345|a match up between two absolute Titians
|j| gomdol2
|inactive|35Q71N has 120 seconds left.
|inactive|Panty&Stockings has 120 seconds left.
|j| UFo3208_
|c| icypenguin604|gen 7 is known for mu hax lol
|j| Star Wheel
|c|☆Panty&Stockings|test
|c| Jhonnatan345|Icypenguin604 is right its finna be good
|
|t:|1712089559
|switch|p1a: Carnivine|Carnivine, L98, M|304\/304
|switch|p2a: Goodra|Goodra, L84, F|288\/288
|
|upkeep
|turn|2
|j| Two ✦ Legit
|
|t:|1712089569
|switch|p1a: Audino|Audino, L92, F|339\/339
|move|p2a: Goodra|Fire Blast|p1a: Audino
|-damage|p1a: Audino|263\/339
|
|upkeep
|turn|3
|
|t:|1712089588
|switch|p2a: Gengar|Gengar, L78, F|222\/222
|switch|p1a: Carnivine|Carnivine, L98, M|304\/304
|
|upkeep
|turn|4
|inactive|Panty&Stockings has 120 seconds left.
|
|t:|1712089623
|switch|p1a: Komala|Komala, L88, F|258\/258
|-ability|p1a: Komala|Comatose
|detailschange|p2a: Gengar|Gengar-Mega, L78, F
|-mega|p2a: Gengar|Gengar|Gengarite
|move|p2a: Gengar|Sludge Wave|p1a: Komala
|-damage|p1a: Komala|132\/258
|
|upkeep
|turn|5
|inactive|Panty&Stockings has 120 seconds left.
|j| ckspoff
|l| ckspoff
|j| ckspoff
|l| Star Wheel
|
|t:|1712089656
|move|p2a: Gengar|Focus Blast|p1a: Komala|[miss]
|-miss|p2a: Gengar|p1a: Komala
|move|p1a: Komala|Knock Off|p2a: Gengar
|-supereffective|p2a: Gengar
|-damage|p2a: Gengar|8\/222
|
|upkeep
|turn|6
|c|☆35Q71N|Mb
|
|t:|1712089662
|move|p2a: Gengar|Focus Blast|p1a: Komala
|-supereffective|p1a: Komala
|-damage|p1a: Komala|0 fnt
|faint|p1a: Komala
|
|upkeep
|j| TheGobletOfGoo
|j| RudeLiees
|c|☆Panty&Stockings|it is focus blast
|j| ghostilex
|l| ckspoff
|j| ckspoff
|l| ckspoff
|inactive|35Q71N has 120 seconds left.
|inactive|35Q71N has 90 seconds left.
|
|t:|1712089737
|switch|p1a: Forretress|Forretress, L84, F|263\/263
|turn|7
|j| anguscloud
|
|t:|1712089752
|move|p2a: Gengar|Shadow Ball|p1a: Forretress
|-damage|p1a: Forretress|116\/263
|move|p1a: Forretress|Gyro Ball|p2a: Gengar
|-damage|p2a: Gengar|0 fnt
|faint|p2a: Gengar
|
|-heal|p1a: Forretress|132\/263|[from] item: Leftovers
|upkeep
|c| UFo3208_|more like focus miss
|l| TheGobletOfGoo
|inactive|Panty&Stockings has 90 seconds left.
|j| Atlboixshawn
|c| UFo3208_|unfocused blast
|
|t:|1712089782
|switch|p2a: Excadrill|Excadrill, L81, F|311\/311
|-ability|p2a: Excadrill|Mold Breaker
|turn|8
|
|t:|1712089791
|switch|p1a: Carnivine|Carnivine, L98, M|304\/304
|move|p2a: Excadrill|Swords Dance|p2a: Excadrill
|-boost|p2a: Excadrill|atk|2
|
|upkeep
|turn|9
|
|t:|1712089796
|move|p2a: Excadrill|Iron Head|p1a: Carnivine
|-damage|p1a: Carnivine|51\/304
|-damage|p2a: Excadrill|280\/311|[from] item: Life Orb
|cant|p1a: Carnivine|flinch
|
|-heal|p1a: Carnivine|70\/304|[from] item: Leftovers
|upkeep
|turn|10
|
|t:|1712089804
|move|p2a: Excadrill|Earthquake|p1a: Carnivine
|-resisted|p1a: Carnivine
|-damage|p1a: Carnivine|0 fnt
|faint|p1a: Carnivine
|-damage|p2a: Excadrill|249\/311|[from] item: Life Orb
|
|upkeep
|
|t:|1712089806
|switch|p1a: Manectric|Manectric, L86, F|261\/261
|turn|11
|inactive|35Q71N has 120 seconds left.
|j| sasha thumper
|
|t:|1712089815
|switch|p2a: Goodra|Goodra, L84, F|288\/288
|move|p1a: Manectric|Volt Switch|p2a: Goodra
|-resisted|p2a: Goodra
|-damage|p2a: Goodra|261\/288
|inactive|35Q71N has 120 seconds left.
|j| meamdefinitely4
|j| TheGobletOfGoo
|
|t:|1712089831
|switch|p1a: Audino|Audino, L92, F|339\/339|[from] Volt Switch
|
|upkeep
|turn|12
|inactive|Panty&Stockings has 120 seconds left.
|l| Atlboixshawn
|
|t:|1712089860
|switch|p2a: Excadrill|Excadrill, L81, F|249\/311
|-ability|p2a: Excadrill|Mold Breaker
|move|p1a: Audino|Wish|p1a: Audino
|
|upkeep
|turn|13
|inactive|35Q71N has 120 seconds left.
|
|t:|1712089877
|switch|p1a: Forretress|Forretress, L84, F|132\/263
|move|p2a: Excadrill|Swords Dance|p2a: Excadrill
|-boost|p2a: Excadrill|atk|2
|
|-heal|p1a: Forretress|263\/263|[from] move: Wish|[wisher] Audino
|upkeep
|turn|14
|inactive|35Q71N has 120 seconds left.
|
|t:|1712089882
|move|p2a: Excadrill|Earthquake|p1a: Forretress
|-damage|p1a: Forretress|16\/263
|-damage|p2a: Excadrill|218\/311|[from] item: Life Orb
|move|p1a: Forretress|Stealth Rock|p2a: Excadrill
|-sidestart|p2: Panty&Stockings|move: Stealth Rock
|
|-heal|p1a: Forretress|32\/263|[from] item: Leftovers
|upkeep
|turn|15
|inactive|35Q71N has 120 seconds left.
|
|t:|1712089900
|move|p2a: Excadrill|Earthquake|p1a: Forretress
|-crit|p1a: Forretress
|-damage|p1a: Forretress|0 fnt
|faint|p1a: Forretress
|-damage|p2a: Excadrill|187\/311|[from] item: Life Orb
|
|upkeep
|
|t:|1712089903
|switch|p1a: Manectric|Manectric, L86, F|261\/261
|turn|16
|
|t:|1712089911
|switch|p2a: Goodra|Goodra, L84, F|261\/288
|-damage|p2a: Goodra|225\/288|[from] Stealth Rock
|move|p1a: Manectric|Overheat|p2a: Goodra
|-resisted|p2a: Goodra
|-damage|p2a: Goodra|193\/288
|-unboost|p1a: Manectric|spa|2
|
|upkeep
|turn|17
|
|t:|1712089918
|switch|p1a: Audino|Audino, L92, F|339\/339
|switch|p2a: Excadrill|Excadrill, L81, F|187\/311
|-damage|p2a: Excadrill|178\/311|[from] Stealth Rock
|-ability|p2a: Excadrill|Mold Breaker
|
|upkeep
|turn|18
|j| Vitoran
|
|t:|1712089937
|move|p2a: Excadrill|Earthquake|p1a: Audino
|-damage|p1a: Audino|182\/339
|-damage|p2a: Excadrill|147\/311|[from] item: Life Orb
|move|p1a: Audino|Dazzling Gleam|p2a: Excadrill
|-resisted|p2a: Excadrill
|-damage|p2a: Excadrill|116\/311
|
|upkeep
|turn|19
|l| RudeLiees
|inactive|35Q71N has 120 seconds left.
|c|☆35Q71N|Sorry buddy
|c|☆35Q71N|Actually
|j| Star Wheel
|inactive|35Q71N has 90 seconds left.
|c|☆35Q71N|Nah nevermind
|
|t:|1712089989
|switch|p1a: Empoleon|Empoleon, L83, M|275\/275
|move|p2a: Excadrill|Earthquake|p1a: Empoleon
|-supereffective|p1a: Empoleon
|-damage|p1a: Empoleon|0 fnt
|faint|p1a: Empoleon
|-damage|p2a: Excadrill|85\/311|[from] item: Life Orb
|
|upkeep
|
|t:|1712089993
|switch|p1a: Manectric|Manectric, L86, F|261\/261
|turn|20
|j|@Chains of Markov
|l| meamdefinitely4
|j| precious.exe
|l| anguscloud
|inactive|Panty&Stockings has 120 seconds left.
|
|t:|1712090024
|switch|p2a: Torkoal|Torkoal, L84, M|255\/255
|-damage|p2a: Torkoal|192\/255|[from] Stealth Rock
|-weather|SunnyDay|[from] ability: Drought|[of] p2a: Torkoal
|move|p1a: Manectric|Hidden Power|p2a: Torkoal
|-resisted|p2a: Torkoal
|-damage|p2a: Torkoal|165\/255
|
|-weather|SunnyDay|[upkeep]
|upkeep
|turn|21
|l|@Chains of Markov
|c| Jhonnatan345|fran going into final form?
|l| precious.exe
|
|t:|1712090035
|switch|p1a: Audino|Audino, L92, F|295\/339
|move|p2a: Torkoal|Lava Plume|p1a: Audino
|-damage|p1a: Audino|181\/339
|
|-weather|SunnyDay|[upkeep]
|upkeep
|turn|22
|c|☆35Q71N|Fran losing
|c| UFo3208_|naw u got this
|
|t:|1712090049
|move|p1a: Audino|Protect|p1a: Audino
|-singleturn|p1a: Audino|Protect
|move|p2a: Torkoal|Rapid Spin|p1a: Audino
|-activate|p1a: Audino|move: Protect
|
|-weather|SunnyDay|[upkeep]
|upkeep
|turn|23
|
|t:|1712090058
|move|p1a: Audino|Wish|p1a: Audino
|move|p2a: Torkoal|Rapid Spin|p1a: Audino
|-damage|p1a: Audino|170\/339
|-sideend|p2: Panty&Stockings|Stealth Rock|[from] move: Rapid Spin|[of] p2a: Torkoal
|
|-weather|SunnyDay|[upkeep]
|upkeep
|turn|24
|
|t:|1712090065
|move|p1a: Audino|Toxic|p2a: Torkoal|[miss]
|-miss|p1a: Audino|p2a: Torkoal
|move|p2a: Torkoal|Lava Plume|p1a: Audino
|-damage|p1a: Audino|70\/339
|-status|p1a: Audino|brn
|
|-weather|none
|-heal|p1a: Audino|239\/339 brn|[from] move: Wish|[wisher] Audino
|-damage|p1a: Audino|218\/339 brn|[from] brn
|upkeep
|turn|25
|
|t:|1712090071
|switch|p2a: Excadrill|Excadrill, L81, F|85\/311
|-ability|p2a: Excadrill|Mold Breaker
|move|p1a: Audino|Wish|p1a: Audino
|
|-damage|p1a: Audino|197\/339 brn|[from] brn
|upkeep
|turn|26
|
|t:|1712090082
|move|p2a: Excadrill|Earthquake|p1a: Audino
|-damage|p1a: Audino|48\/339 brn
|-damage|p2a: Excadrill|54\/311|[from] item: Life Orb
|move|p1a: Audino|Dazzling Gleam|p2a: Excadrill
|-resisted|p2a: Excadrill
|-damage|p2a: Excadrill|25\/311
|
|-heal|p1a: Audino|217\/339 brn|[from] move: Wish|[wisher] Audino
|-damage|p1a: Audino|196\/339 brn|[from] brn
|upkeep
|turn|27
|inactive|35Q71N has 120 seconds left.
|inactive|Panty&Stockings has 120 seconds left.
|
|t:|1712090119
|move|p2a: Excadrill|Earthquake|p1a: Audino
|-damage|p1a: Audino|40\/339 brn
|-damage|p2a: Excadrill|0 fnt|[from] item: Life Orb
|faint|p2a: Excadrill
|move|p1a: Audino|Wish|p1a: Audino
|
|-damage|p1a: Audino|19\/339 brn|[from] brn
|upkeep
|inactive|Panty&Stockings has 120 seconds left.
|
|t:|1712090134
|switch|p2a: Hoopa|Hoopa-Unbound, L81|262\/262
|turn|28
|
|t:|1712090141
|switch|p1a: Manectric|Manectric, L86, F|261\/261
|move|p2a: Hoopa|Hyperspace Fury|p1a: Manectric
|-damage|p1a: Manectric|54\/261
|-unboost|p2a: Hoopa|def|1
|
|-heal|p1a: Manectric|223\/261|[from] move: Wish|[wisher] Audino
|upkeep
|turn|29
|inactive|Panty&Stockings has 120 seconds left.
|
|t:|1712090165
|move|p1a: Manectric|Thunderbolt|p2a: Hoopa
|-crit|p2a: Hoopa
|-damage|p2a: Hoopa|142\/262
|-status|p2a: Hoopa|par
|move|p2a: Hoopa|Hyperspace Fury|p1a: Manectric
|-damage|p1a: Manectric|19\/261
|-unboost|p2a: Hoopa|def|1
|
|upkeep
|turn|30
|inactive|Panty&Stockings has 120 seconds left.
|c|☆35Q71N|Chance?
|
|t:|1712090175
|move|p1a: Manectric|Thunderbolt|p2a: Hoopa
|-damage|p2a: Hoopa|63\/262 par
|move|p2a: Hoopa|Drain Punch|p1a: Manectric
|-damage|p1a: Manectric|0 fnt
|-heal|p2a: Hoopa|73\/262 par|[from] drain|[of] p1a: Manectric
|faint|p1a: Manectric
|
|upkeep
|
|t:|1712090178
|switch|p1a: Audino|Audino, L92, F|132\/339 brn
|turn|31
|c| Jhonnatan345|dagger
|c|☆Panty&Stockings|oh
|c| UFo3208_|dang
|c|☆Panty&Stockings|i lost
|c| TheGobletOfGoo|RIP
|inactive|Panty&Stockings has 120 seconds left.
|c|☆35Q71N|I doubt it
|j| xilio101
|
|t:|1712090214
|switch|p2a: Torkoal|Torkoal, L84, M|165\/255
|-weather|SunnyDay|[from] ability: Drought|[of] p2a: Torkoal
|detailschange|p1a: Audino|Audino-Mega, L92, F
|-mega|p1a: Audino|Audino|Audinite
|move|p1a: Audino|Wish|p1a: Audino
|
|-weather|SunnyDay|[upkeep]
|-damage|p1a: Audino|111\/339 brn|[from] brn
|upkeep
|turn|32
|
|t:|1712090228
|move|p1a: Audino|Protect|p1a: Audino
|-singleturn|p1a: Audino|Protect
|move|p2a: Torkoal|Lava Plume|p1a: Audino
|-activate|p1a: Audino|move: Protect
|
|-weather|SunnyDay|[upkeep]
|-heal|p1a: Audino|280\/339 brn|[from] move: Wish|[wisher] Audino
|-damage|p1a: Audino|259\/339 brn|[from] brn
|upkeep
|turn|33
|
|t:|1712090242
|move|p1a: Audino|Wish|p1a: Audino
|move|p2a: Torkoal|Lava Plume|p1a: Audino
|-damage|p1a: Audino|183\/339 brn
|
|-weather|SunnyDay|[upkeep]
|-damage|p1a: Audino|162\/339 brn|[from] brn
|upkeep
|turn|34
|
|t:|1712090261
|switch|p2a: Hoopa|Hoopa-Unbound, L81|73\/262 par
|move|p1a: Audino|Protect||[still]
|-fail|p1a: Audino
|
|-weather|SunnyDay|[upkeep]
|-heal|p1a: Audino|331\/339 brn|[from] move: Wish|[wisher] Audino
|-damage|p1a: Audino|310\/339 brn|[from] brn
|upkeep
|turn|35
|l| icypenguin604
|j| icypenguin604
|inactive|35Q71N has 120 seconds left.
|
|t:|1712090300
|move|p1a: Audino|Dazzling Gleam|p2a: Hoopa
|-supereffective|p2a: Hoopa
|-damage|p2a: Hoopa|0 fnt
|faint|p2a: Hoopa
|
|-weather|none
|-damage|p1a: Audino|289\/339 brn|[from] brn
|upkeep
|
|t:|1712090309
|switch|p2a: Torkoal|Torkoal, L84, M|165\/255
|-weather|SunnyDay|[from] ability: Drought|[of] p2a: Torkoal
|turn|36
|
|t:|1712090315
|move|p1a: Audino|Wish|p1a: Audino
|move|p2a: Torkoal|Lava Plume|p1a: Audino
|-damage|p1a: Audino|211\/339 brn
|
|-weather|SunnyDay|[upkeep]
|-damage|p1a: Audino|190\/339 brn|[from] brn
|upkeep
|turn|37
|inactive|Panty&Stockings has 120 seconds left.
|
|t:|1712090325
|switch|p2a: Spiritomb|Spiritomb, L92, M|241\/241
|move|p1a: Audino|Toxic|p2a: Spiritomb
|-status|p2a: Spiritomb|tox
|
|-weather|SunnyDay|[upkeep]
|-heal|p1a: Audino|339\/339 brn|[from] move: Wish|[wisher] Audino
|-damage|p2a: Spiritomb|226\/241 tox|[from] psn
|-damage|p1a: Audino|318\/339 brn|[from] brn
|upkeep
|turn|38
|c|☆Panty&Stockings|gg
|inactive|Panty&Stockings has 120 seconds left.
|c|☆35Q71N|Oh damn
|c| TheGobletOfGoo|DAYUMMMM
|-message|Panty&Stockings forfeited.
|
|win|35Q71N
|n|☆35Q71N|35q71n
|n|☆Panty&Stockings|pantystockings
|n| Anghult|anghult
|n| Jhonnatan345|jhonnatan345
|n| gomdol2|gomdol2
|n| UFo3208_|ufo3208
|n| Two ✦ Legit|twolegit
|n| ghostilex|ghostilex
|n| sasha thumper|sashathumper
|n| TheGobletOfGoo|thegobletofgoo
|n| Vitoran|vitoran
|n| Star Wheel|starwheel
|n| xilio101|xilio101
|n| icypenguin604|icypenguin604
|l| UFo3208_
|l|☆Panty&Stockings
|player|p2|
</script>
</div>
<div class="battle-log battle-log-inline"><div class="inner"><div class="battle-options"></div><div class="inner message-log"><div class="notice uhtml-medalmsg"><div class="broadcast-blue">Curious what those medals under the avatar are? PS now has Ladder Seasons! For more information, check out the <a href="https://www.smogon.com/forums/threads/3740067/" target="_blank" rel="noopener">thread on Smogon.</a></div></div><div class="chat"><small>☆35Q71N and ☆Panty&amp;Stockings joined</small></div><div class=""><small>Format:</small> <br><strong>[Gen 7] Random Battle</strong></div><div class="rated"><strong>Tournament battle</strong></div><div class=""><small><em>Sleep Clause Mod:</em> Limit one foe put to sleep</small></div><div class=""><small><em>HP Percentage Mod:</em> HP is shown in percentages</small></div><div class=""><small><em>Illusion Level Mod:</em> Illusion disguises the Pokémon's true level</small></div><div class="spacer battle-history"><br></div><div class="battle-history">Battle started between 35Q71N and Panty&amp;Stockings!<br></div><div class="spacer battle-history"><br></div><div class="battle-history">Go! <strong>Manectric</strong>!<br></div><div class="spacer battle-history"><br></div><div class="battle-history">Panty&amp;Stockings sent out <strong>Excadrill</strong>!<br></div><div class="battle-history">[The opposing Excadrill's Mold Breaker]<br><small>The opposing Excadrill breaks the mold!</small><br></div><div class="spacer battle-history"><br></div><h2 class="battle-history">Turn 1</h2><div class="chat message-error">Battle timer is ON: inactive players will automatically lose when time's up. (requested by Panty&amp;Stockings)</div><div class="chat"><small> Anghult and  icypenguin604 joined</small></div><div class="chat chatmessage-pantystockings"><strong style="color:#8a9515"><small>☆</small><span class="username" data-name="Panty&amp;Stockings">Panty&amp;Stockings</span>:</strong> <em>gl</em></div><div class="chat"><small> Jhonnatan345 joined</small></div><div class="chat chatmessage-35q71n"><strong style="color:#ba134b"><small>☆</small><span class="username" data-name="35Q71N">35Q71N</span>:</strong> <em>Glhf</em></div><div class="chat chatmessage-icypenguin604"><strong style="color:#6664dc"><small> </small><span class="username" data-name="icypenguin604">icypenguin604</span>:</strong> <em>oh this is gonnna be good</em></div><div class="chat"><small>^Michielleus joined</small></div><div class="chat chatmessage-35q71n"><strong style="color:#ba134b"><small>☆</small><span class="username" data-name="35Q71N">35Q71N</span>:</strong> <em>Don't jinx it D:</em></div><div class="chat"><small>^Michielleus left</small></div><div class="chat chatmessage-jhonnatan345"><strong style="color:#908427"><small> </small><span class="username" data-name="Jhonnatan345">Jhonnatan345</span>:</strong> <em>a match up between two absolute Titians</em></div><div class="chat"><small> gomdol2 joined</small></div><div class="chat message-error">35Q71N has 120 seconds left.</div><div class="chat message-error">Panty&amp;Stockings has 120 seconds left.</div><div class="chat"><small> UFo3208_ joined</small></div><div class="chat chatmessage-icypenguin604"><strong style="color:#6664dc"><small> </small><span class="username" data-name="icypenguin604">icypenguin604</span>:</strong> <em>gen 7 is known for mu hax lol</em></div><div class="chat"><small> Star Wheel joined</small></div><div class="chat chatmessage-pantystockings"><strong style="color:#8a9515"><small>☆</small><span class="username" data-name="Panty&amp;Stockings">Panty&amp;Stockings</span>:</strong> <em>test</em></div><div class="chat chatmessage-jhonnatan345"><strong style="color:#908427"><small> </small><span class="username" data-name="Jhonnatan345">Jhonnatan345</span>:</strong> <em>Icypenguin604 is right its finna be good</em></div><div class="spacer battle-history"><br></div><div class="battle-history">Manectric, come back!<br></div><div class="battle-history">Go! <strong>Carnivine</strong>!<br></div><div class="spacer battle-history"><br></div><div class="battle-history">Panty&amp;Stockings withdrew Excadrill!<br></div><div class="battle-history">Panty&amp;Stockings sent out <strong>Goodra</strong>!<br></div><div class="spacer battle-history"><br></div><h2 class="battle-history">Turn 2</h2><div class="chat"><small> Two ✦ Legit joined</small></div><div class="spacer battle-history"><br></div><div class="battle-history">Carnivine, come back!<br></div><div class="battle-history">Go! <strong>Audino</strong>!<br></div><div class="spacer battle-history"><br></div><div class="battle-history">The opposing Goodra used <strong>Fire Blast</strong>!<br></div><div class="battle-history"><small>(Audino lost <abbr title="−76/339">22.4%</abbr> of its health!)</small><br></div><div class="spacer battle-history"><br></div><h2 class="battle-history">Turn 3</h2><div class="spacer battle-history"><br></div><div class="battle-history">Panty&amp;Stockings withdrew Goodra!<br></div><div class="battle-history">Panty&amp;Stockings sent out <strong>Gengar</strong>!<br></div><div class="spacer battle-history"><br></div><div class="battle-history">Audino, come back!<br></div><div class="battle-history">Go! <strong>Carnivine</strong>!<br></div><div class="spacer battle-history"><br></div><h2 class="battle-history">Turn 4</h2><div class="chat message-error">Panty&amp;Stockings has 120 seconds left.</div><div class="spacer battle-history"><br></div><div class="battle-history">Carnivine, come back!<br></div><div class="battle-history">Go! <strong>Komala</strong>!<br></div><div class="battle-history">[Komala's Comatose]<br><small>Komala is drowsing!</small><br></div><div class="spacer battle-history"><br></div><div class="battle-history"><small>The opposing Gengar's Gengarite is reacting to the Key Stone!</small><br>The opposing Gengar has Mega Evolved into Mega Gengar!<br></div><div class="spacer battle-history"><br></div><div class="battle-history">The opposing Gengar used <strong>Sludge Wave</strong>!<br></div><div class="battle-history"><small>(Komala lost <abbr title="−126/258">48.8%</abbr> of its health!)</small><br></div><div class="spacer battle-history"><br></div><h2 class="battle-history">Turn 5</h2><div class="chat message-error">Panty&amp;Stockings has 120 seconds left.</div><div class="chat"><small> ckspoff joined;  Star Wheel left</small></div><div class="spacer battle-history"><br></div><div class="battle-history">The opposing Gengar used <strong>Focus Blast</strong>!<br></div><div class="battle-history"><small>Komala avoided the attack!</small><br></div><div class="spacer battle-history"><br></div><div class="battle-history">Komala used <strong>Knock Off</strong>!<br></div><div class="battle-history"><small>It's super effective!</small><br></div><div class="battle-history"><small>(The opposing Gengar lost <abbr title="−214/222">96.4%</abbr> of its health!)</small><br></div><div class="spacer battle-history"><br></div><h2 class="battle-history">Turn 6</h2><div class="chat chatmessage-35q71n"><strong style="color:#ba134b"><small>☆</small><span class="username" data-name="35Q71N">35Q71N</span>:</strong> <em>Mb</em></div><div class="spacer battle-history"><br></div><div class="battle-history">The opposing Gengar used <strong>Focus Blast</strong>!<br></div><div class="battle-history"><small>It's super effective!</small><br></div><div class="battle-history"><small>(Komala lost <abbr title="−132/258">51.2%</abbr> of its health!)</small><br></div><div class="spacer battle-history"><br></div><div class="battle-history">Komala fainted!<br></div><div class="chat"><small> TheGobletOfGoo and  RudeLiees joined</small></div><div class="chat chatmessage-pantystockings"><strong style="color:#8a9515"><small>☆</small><span class="username" data-name="Panty&amp;Stockings">Panty&amp;Stockings</span>:</strong> <em>it is focus blast</em></div><div class="chat"><small> ghostilex joined;  ckspoff left</small></div><div class="chat message-error">35Q71N has 120 seconds left.</div><div class="chat message-error">35Q71N has 90 seconds left.</div><div class="spacer battle-history"><br></div><div class="battle-history">Go! <strong>Forretress</strong>!<br></div><div class="spacer battle-history"><br></div><h2 class="battle-history">Turn 7</h2><div class="chat"><small> anguscloud joined</small></div><div class="spacer battle-history"><br></div><div class="battle-history">The opposing Gengar used <strong>Shadow Ball</strong>!<br></div><div class="battle-history"><small>(Forretress lost <abbr title="−147/263">55.9%</abbr> of its health!)</small><br></div><div class="spacer battle-history"><br></div><div class="battle-history">Forretress used <strong>Gyro Ball</strong>!<br></div><div class="battle-history"><small>(The opposing Gengar lost <abbr title="−8/222">3.6%</abbr> of its health!)</small><br></div><div class="spacer battle-history"><br></div><div class="battle-history">The opposing Gengar fainted!<br></div><div class="spacer battle-history"><br></div><div class="battle-history"><small>Forretress restored a little HP using its Leftovers!</small><br></div><div class="chat chatmessage-ufo3208"><strong style="color:#a72cb8"><small> </small><span class="username" data-name="UFo3208_">UFo3208_</span>:</strong> <em>more like focus miss</em></div><div class="chat"><small> TheGobletOfGoo left</small></div><div class="chat message-error">Panty&amp;Stockings has 90 seconds left.</div><div class="chat"><small> Atlboixshawn joined</small></div><div class="chat chatmessage-ufo3208"><strong style="color:#a72cb8"><small> </small><span class="username" data-name="UFo3208_">UFo3208_</span>:</strong> <em>unfocused blast</em></div><div class="spacer battle-history"><br></div><div class="battle-history">Panty&amp;Stockings sent out <strong>Excadrill</strong>!<br></div><div class="battle-history">[The opposing Excadrill's Mold Breaker]<br><small>The opposing Excadrill breaks the mold!</small><br></div><div class="spacer battle-history"><br></div><h2 class="battle-history">Turn 8</h2><div class="spacer battle-history"><br></div><div class="battle-history">Forretress, come back!<br></div><div class="battle-history">Go! <strong>Carnivine</strong>!<br></div><div class="spacer battle-history"><br></div><div class="battle-history">The opposing Excadrill used <strong>Swords Dance</strong>!<br></div><div class="battle-history"><small>The opposing Excadrill's Attack rose sharply!</small><br></div><div class="spacer battle-history"><br></div><h2 class="battle-history">Turn 9</h2><div class="spacer battle-history"><br></div><div class="battle-history">The opposing Excadrill used <strong>Iron Head</strong>!<br></div><div class="battle-history"><small>(Carnivine lost <abbr title="−253/304">83.2%</abbr> of its health!)</small><br></div><div class="battle-history"><small>The opposing Excadrill lost some of its HP!</small><br></div><div class="spacer battle-history"><br></div><div class="battle-history">Carnivine flinched and couldn't move!<br></div><div class="spacer battle-history"><br></div><div class="battle-history"><small>Carnivine restored a little HP using its Leftovers!</small><br></div><div class="spacer battle-history"><br></div><h2 class="battle-history">Turn 10</h2><div class="spacer battle-history"><br></div><div class="battle-history">The opposing Excadrill used <strong>Earthquake</strong>!<br></div><div class="battle-history"><small>It's not very effective...</small><br></div><div class="battle-history"><small>(Carnivine lost <abbr title="−70/304">23.0%</abbr> of its health!)</small><br></div><div class="spacer battle-history"><br></div><div class="battle-history">Carnivine fainted!<br></div><div class="battle-history"><small>The opposing Excadrill lost some of its HP!</small><br></div><div class="spacer battle-history"><br></div><div class="battle-history">Go! <strong>Manectric</strong>!<br></div><div class="spacer battle-history"><br></div><h2 class="battle-history">Turn 11</h2><div class="chat message-error">35Q71N has 120 seconds left.</div><div class="chat"><small> sasha thumper joined</small></div><div class="spacer battle-history"><br></div><div class="battle-history">Panty&amp;Stockings withdrew Excadrill!<br></div><div class="battle-history">Panty&amp;Stockings sent out <strong>Goodra</strong>!<br></div><div class="spacer battle-history"><br></div><div class="battle-history">Manectric used <strong>Volt Switch</strong>!<br></div><div class="battle-history"><small>It's not very effective...</small><br></div><div class="battle-history"><small>(The opposing Goodra lost <abbr title="−27/288">9.4%</abbr> of its health!)</small><br></div><div class="chat message-error">35Q71N has 120 seconds left.</div><div class="chat"><small> meamdefinitely4 and  TheGobletOfGoo joined</small></div><div class="spacer battle-history"><br></div><div class="battle-history">Manectric went back to 35Q71N!<br></div><div class="battle-history">Go! <strong>Audino</strong>!<br></div><div class="spacer battle-history"><br></div><h2 class="battle-history">Turn 12</h2><div class="chat message-error">Panty&amp;Stockings has 120 seconds left.</div><div class="chat"><small> Atlboixshawn left</small></div><div class="spacer battle-history"><br></div><div class="battle-history">Panty&amp;Stockings withdrew Goodra!<br></div><div class="battle-history">Panty&amp;Stockings sent out <strong>Excadrill</strong>!<br></div><div class="battle-history">[The opposing Excadrill's Mold Breaker]<br><small>The opposing Excadrill breaks the mold!</small><br></div><div class="spacer battle-history"><br></div><div class="battle-history">Audino used <strong>Wish</strong>!<br></div><div class="spacer battle-history"><br></div><h2 class="battle-history">Turn 13</h2><div class="chat message-error">35Q71N has 120 seconds left.</div><div class="spacer battle-history"><br></div><div class="battle-history">Audino, come back!<br></div><div class="battle-history">Go! <strong>Forretress</strong>!<br></div><div class="spacer battle-history"><br></div><div class="battle-history">The opposing Excadrill used <strong>Swords Dance</strong>!<br></div><div class="battle-history"><small>The opposing Excadrill's Attack rose sharply!</small><br></div><div class="spacer battle-history"><br></div><div class="battle-history"><small>Audino's wish came true!</small><br></div><div class="spacer battle-history"><br></div><h2 class="battle-history">Turn 14</h2><div class="chat message-error">35Q71N has 120 seconds left.</div><div class="spacer battle-history"><br></div><div class="battle-history">The opposing Excadrill used <strong>Earthquake</strong>!<br></div><div class="battle-history"><small>(Forretress lost <abbr title="−247/263">93.9%</abbr> of its health!)</small><br></div><div class="battle-history"><small>The opposing Excadrill lost some of its HP!</small><br></div><div class="spacer battle-history"><br></div><div class="battle-history">Forretress used <strong>Stealth Rock</strong>!<br></div><div class="battle-history"><small>Pointed stones float in the air around the opposing team!</small><br></div><div class="spacer battle-history"><br></div><div class="battle-history"><small>Forretress restored a little HP using its Leftovers!</small><br></div><div class="spacer battle-history"><br></div><h2 class="battle-history">Turn 15</h2><div class="chat message-error">35Q71N has 120 seconds left.</div><div class="spacer battle-history"><br></div><div class="battle-history">The opposing Excadrill used <strong>Earthquake</strong>!<br></div><div class="battle-history"><small>A critical hit!</small><br></div><div class="battle-history"><small>(Forretress lost <abbr title="−32/263">12.2%</abbr> of its health!)</small><br></div><div class="spacer battle-history"><br></div><div class="battle-history">Forretress fainted!<br></div><div class="battle-history"><small>The opposing Excadrill lost some of its HP!</small><br></div><div class="spacer battle-history"><br></div><div class="battle-history">Go! <strong>Manectric</strong>!<br></div><div class="spacer battle-history"><br></div><h2 class="battle-history">Turn 16</h2><div class="spacer battle-history"><br></div><div class="battle-history">Panty&amp;Stockings withdrew Excadrill!<br></div><div class="battle-history">Panty&amp;Stockings sent out <strong>Goodra</strong>!<br></div><div class="battle-history"><small>Pointed stones dug into the opposing Goodra!</small><br></div><div class="spacer battle-history"><br></div><div class="battle-history">Manectric used <strong>Overheat</strong>!<br></div><div class="battle-history"><small>It's not very effective...</small><br></div><div class="battle-history"><small>(The opposing Goodra lost <abbr title="−32/288">11.1%</abbr> of its health!)</small><br></div><div class="battle-history"><small>Manectric's Sp. Atk fell harshly!</small><br></div><div class="spacer battle-history"><br></div><h2 class="battle-history">Turn 17</h2><div class="spacer battle-history"><br></div><div class="battle-history">Manectric, come back!<br></div><div class="battle-history">Go! <strong>Audino</strong>!<br></div><div class="spacer battle-history"><br></div><div class="battle-history">Panty&amp;Stockings withdrew Goodra!<br></div><div class="battle-history">Panty&amp;Stockings sent out <strong>Excadrill</strong>!<br></div><div class="battle-history"><small>Pointed stones dug into the opposing Excadrill!</small><br></div><div class="battle-history">[The opposing Excadrill's Mold Breaker]<br><small>The opposing Excadrill breaks the mold!</small><br></div><div class="spacer battle-history"><br></div><h2 class="battle-history">Turn 18</h2><div class="chat"><small> Vitoran joined</small></div><div class="spacer battle-history"><br></div><div class="battle-history">The opposing Excadrill used <strong>Earthquake</strong>!<br></div><div class="battle-history"><small>(Audino lost <abbr title="−157/339">46.3%</abbr> of its health!)</small><br></div><div class="battle-history"><small>The opposing Excadrill lost some of its HP!</small><br></div><div class="spacer battle-history"><br></div><div class="battle-history">Audino used <strong>Dazzling Gleam</strong>!<br></div><div class="battle-history"><small>It's not very effective...</small><br></div><div class="battle-history"><small>(The opposing Excadrill lost <abbr title="−31/311">10.0%</abbr> of its health!)</small><br></div><div class="spacer battle-history"><br></div><h2 class="battle-history">Turn 19</h2><div class="chat"><small> RudeLiees left</small></div><div class="chat message-error">35Q71N has 120 seconds left.</div><div class="chat chatmessage-35q71n"><strong style="color:#ba134b"><small>☆</small><span class="username" data-name="35Q71N">35Q71N</span>:</strong> <em>Sorry buddy</em></div><div class="chat chatmessage-35q71n"><strong style="color:#ba134b"><small>☆</small><span class="username" data-name="35Q71N">35Q71N</span>:</strong> <em>Actually</em></div><div class="chat"><small> Star Wheel joined</small></div><div class="chat message-error">35Q71N has 90 seconds left.</div><div class="chat chatmessage-35q71n"><strong style="color:#ba134b"><small>☆</small><span class="username" data-name="35Q71N">35Q71N</span>:</strong> <em>Nah nevermind</em></div><div class="spacer battle-history"><br></div><div class="battle-history">Audino, come back!<br></div><div class="battle-history">Go! <strong>Empoleon</strong>!<br></div><div class="spacer battle-history"><br></div><div class="battle-history">The opposing Excadrill used <strong>Earthquake</strong>!<br></div><div class="battle-history"><small>It's super effective!</small><br></div><div class="battle-history"><small>(Empoleon lost <abbr title="−275/275">100%</abbr> of its health!)</small><br></div><div class="spacer battle-history"><br></div><div class="battle-history">Empoleon fainted!<br></div><div class="battle-history"><small>The opposing Excadrill lost some of its HP!</small><br></div><div class="spacer battle-history"><br></div><div class="battle-history">Go! <strong>Manectric</strong>!<br></div><div class="spacer battle-history"><br></div><h2 class="battle-history">Turn 20</h2><div class="chat"><small>@Chains of Markov and  precious.exe joined;  meamdefinitely4 and  anguscloud left</small></div><div class="chat message-error">Panty&amp;Stockings has 120 seconds left.</div><div class="spacer battle-history"><br></div><div class="battle-history">Panty&amp;Stockings withdrew Excadrill!<br></div><div class="battle-history">Panty&amp;Stockings sent out <strong>Torkoal</strong>!<br></div><div class="battle-history"><small>Pointed stones dug into the opposing Torkoal!</small><br></div><div class="battle-history">[The opposing Torkoal's Drought]<br><small>The sunlight turned harsh!</small><br></div><div class="spacer battle-history"><br></div><div class="battle-history">Manectric used <strong>Hidden Power</strong>!<br></div><div class="battle-history"><small>It's not very effective...</small><br></div><div class="battle-history"><small>(The opposing Torkoal lost <abbr title="−27/255">10.6%</abbr> of its health!)</small><br></div><div class="spacer battle-history"><br></div><div class="battle-history"><small>(The sunlight is strong.)</small><br></div><div class="spacer battle-history"><br></div><h2 class="battle-history">Turn 21</h2><div class="chat"><small>@Chains of Markov left</small></div><div class="chat chatmessage-jhonnatan345"><strong style="color:#908427"><small> </small><span class="username" data-name="Jhonnatan345">Jhonnatan345</span>:</strong> <em>fran going into final form?</em></div><div class="chat"><small> precious.exe left</small></div><div class="spacer battle-history"><br></div><div class="battle-history">Manectric, come back!<br></div><div class="battle-history">Go! <strong>Audino</strong>!<br></div><div class="spacer battle-history"><br></div><div class="battle-history">The opposing Torkoal used <strong>Lava Plume</strong>!<br></div><div class="battle-history"><small>(Audino lost <abbr title="−114/339">33.6%</abbr> of its health!)</small><br></div><div class="spacer battle-history"><br></div><div class="battle-history"><small>(The sunlight is strong.)</small><br></div><div class="spacer battle-history"><br></div><h2 class="battle-history">Turn 22</h2><div class="chat chatmessage-35q71n"><strong style="color:#ba134b"><small>☆</small><span class="username" data-name="35Q71N">35Q71N</span>:</strong> <em>Fran losing</em></div><div class="chat chatmessage-ufo3208"><strong style="color:#a72cb8"><small> </small><span class="username" data-name="UFo3208_">UFo3208_</span>:</strong> <em>naw u got this</em></div><div class="spacer battle-history"><br></div><div class="battle-history">Audino used <strong>Protect</strong>!<br></div><div class="battle-history"><small>Audino protected itself!</small><br></div><div class="spacer battle-history"><br></div><div class="battle-history">The opposing Torkoal used <strong>Rapid Spin</strong>!<br></div><div class="battle-history"><small>Audino protected itself!</small><br></div><div class="spacer battle-history"><br></div><div class="battle-history"><small>(The sunlight is strong.)</small><br></div><div class="spacer battle-history"><br></div><h2 class="battle-history">Turn 23</h2><div class="spacer battle-history"><br></div><div class="battle-history">Audino used <strong>Wish</strong>!<br></div><div class="spacer battle-history"><br></div><div class="battle-history">The opposing Torkoal used <strong>Rapid Spin</strong>!<br></div><div class="battle-history"><small>(Audino lost <abbr title="−11/339">3.2%</abbr> of its health!)</small><br></div><div class="battle-history"><small>The pointed stones disappeared from around the opposing team!</small><br></div><div class="spacer battle-history"><br></div><div class="battle-history"><small>(The sunlight is strong.)</small><br></div><div class="spacer battle-history"><br></div><h2 class="battle-history">Turn 24</h2><div class="spacer battle-history"><br></div><div class="battle-history">Audino used <strong>Toxic</strong>!<br></div><div class="battle-history"><small>The opposing Torkoal avoided the attack!</small><br></div><div class="spacer battle-history"><br></div><div class="battle-history">The opposing Torkoal used <strong>Lava Plume</strong>!<br></div><div class="battle-history"><small>(Audino lost <abbr title="−100/339">29.5%</abbr> of its health!)</small><br></div><div class="battle-history"><small>Audino was burned!</small><br></div><div class="spacer battle-history"><br></div><div class="battle-history"><small>The harsh sunlight faded.</small><br></div><div class="battle-history"><small>Audino's wish came true!</small><br></div><div class="battle-history"><small>Audino was hurt by its burn!</small><br></div><div class="spacer battle-history"><br></div><h2 class="battle-history">Turn 25</h2><div class="spacer battle-history"><br></div><div class="battle-history">Panty&amp;Stockings withdrew Torkoal!<br></div><div class="battle-history">Panty&amp;Stockings sent out <strong>Excadrill</strong>!<br></div><div class="battle-history">[The opposing Excadrill's Mold Breaker]<br><small>The opposing Excadrill breaks the mold!</small><br></div><div class="spacer battle-history"><br></div><div class="battle-history">Audino used <strong>Wish</strong>!<br></div><div class="spacer battle-history"><br></div><div class="battle-history"><small>Audino was hurt by its burn!</small><br></div><div class="spacer battle-history"><br></div><h2 class="battle-history">Turn 26</h2><div class="spacer battle-history"><br></div><div class="battle-history">The opposing Excadrill used <strong>Earthquake</strong>!<br></div><div class="battle-history"><small>(Audino lost <abbr title="−149/339">44.0%</abbr> of its health!)</small><br></div><div class="battle-history"><small>The opposing Excadrill lost some of its HP!</small><br></div><div class="spacer battle-history"><br></div><div class="battle-history">Audino used <strong>Dazzling Gleam</strong>!<br></div><div class="battle-history"><small>It's not very effective...</small><br></div><div class="battle-history"><small>(The opposing Excadrill lost <abbr title="−29/311">9.3%</abbr> of its health!)</small><br></div><div class="spacer battle-history"><br></div><div class="battle-history"><small>Audino's wish came true!</small><br></div><div class="battle-history"><small>Audino was hurt by its burn!</small><br></div><div class="spacer battle-history"><br></div><h2 class="battle-history">Turn 27</h2><div class="chat message-error">35Q71N has 120 seconds left.</div><div class="chat message-error">Panty&amp;Stockings has 120 seconds left.</div><div class="spacer battle-history"><br></div><div class="battle-history">The opposing Excadrill used <strong>Earthquake</strong>!<br></div><div class="battle-history"><small>(Audino lost <abbr title="−156/339">46.0%</abbr> of its health!)</small><br></div><div class="battle-history"><small>The opposing Excadrill lost some of its HP!</small><br></div><div class="spacer battle-history"><br></div><div class="battle-history">The opposing Excadrill fainted!<br></div><div class="battle-history">Audino used <strong>Wish</strong>!<br></div><div class="spacer battle-history"><br></div><div class="battle-history"><small>Audino was hurt by its burn!</small><br></div><div class="chat message-error">Panty&amp;Stockings has 120 seconds left.</div><div class="spacer battle-history"><br></div><div class="battle-history">Panty&amp;Stockings sent out Hoopa (<strong>Hoopa-Unbound</strong>)!<br></div><div class="spacer battle-history"><br></div><h2 class="battle-history">Turn 28</h2><div class="spacer battle-history"><br></div><div class="battle-history">Audino, come back!<br></div><div class="battle-history">Go! <strong>Manectric</strong>!<br></div><div class="spacer battle-history"><br></div><div class="battle-history">The opposing Hoopa used <strong>Hyperspace Fury</strong>!<br></div><div class="battle-history"><small>(Manectric lost <abbr title="−207/261">79.3%</abbr> of its health!)</small><br></div><div class="battle-history"><small>The opposing Hoopa's Defense fell!</small><br></div><div class="spacer battle-history"><br></div><div class="battle-history"><small>Audino's wish came true!</small><br></div><div class="spacer battle-history"><br></div><h2 class="battle-history">Turn 29</h2><div class="chat message-error">Panty&amp;Stockings has 120 seconds left.</div><div class="spacer battle-history"><br></div><div class="battle-history">Manectric used <strong>Thunderbolt</strong>!<br></div><div class="battle-history"><small>A critical hit!</small><br></div><div class="battle-history"><small>(The opposing Hoopa lost <abbr title="−120/262">45.8%</abbr> of its health!)</small><br></div><div class="battle-history"><small>The opposing Hoopa is paralyzed! It may be unable to move!</small><br></div><div class="spacer battle-history"><br></div><div class="battle-history">The opposing Hoopa used <strong>Hyperspace Fury</strong>!<br></div><div class="battle-history"><small>(Manectric lost <abbr title="−204/261">78.2%</abbr> of its health!)</small><br></div><div class="battle-history"><small>The opposing Hoopa's Defense fell!</small><br></div><div class="spacer battle-history"><br></div><h2 class="battle-history">Turn 30</h2><div class="chat message-error">Panty&amp;Stockings has 120 seconds left.</div><div class="chat chatmessage-35q71n"><strong style="color:#ba134b"><small>☆</small><span class="username" data-name="35Q71N">35Q71N</span>:</strong> <em>Chance?</em></div><div class="spacer battle-history"><br></div><div class="battle-history">Manectric used <strong>Thunderbolt</strong>!<br></div><div class="battle-history"><small>(The opposing Hoopa lost <abbr title="−79/262">30.2%</abbr> of its health!)</small><br></div><div class="spacer battle-history"><br></div><div class="battle-history">The opposing Hoopa used <strong>Drain Punch</strong>!<br></div><div class="battle-history"><small>(Manectric lost <abbr title="−19/261">7.3%</abbr> of its health!)</small><br></div><div class="battle-history"><small>Manectric had its energy drained!</small><br></div><div class="spacer battle-history"><br></div><div class="battle-history">Manectric fainted!<br></div><div class="spacer battle-history"><br></div><div class="battle-history">Go! <strong>Audino</strong>!<br></div><div class="spacer battle-history"><br></div><h2 class="battle-history">Turn 31</h2><div class="chat chatmessage-jhonnatan345"><strong style="color:#908427"><small> </small><span class="username" data-name="Jhonnatan345">Jhonnatan345</span>:</strong> <em>dagger</em></div><div class="chat chatmessage-pantystockings"><strong style="color:#8a9515"><small>☆</small><span class="username" data-name="Panty&amp;Stockings">Panty&amp;Stockings</span>:</strong> <em>oh</em></div><div class="chat chatmessage-ufo3208"><strong style="color:#a72cb8"><small> </small><span class="username" data-name="UFo3208_">UFo3208_</span>:</strong> <em>dang</em></div><div class="chat chatmessage-pantystockings"><strong style="color:#8a9515"><small>☆</small><span class="username" data-name="Panty&amp;Stockings">Panty&amp;Stockings</span>:</strong> <em>i lost</em></div><div class="chat chatmessage-thegobletofgoo"><strong style="color:#839414"><small> </small><span class="username" data-name="TheGobletOfGoo">TheGobletOfGoo</span>:</strong> <em>RIP</em></div><div class="chat message-error">Panty&amp;Stockings has 120 seconds left.</div><div class="chat chatmessage-35q71n"><strong style="color:#ba134b"><small>☆</small><span class="username" data-name="35Q71N">35Q71N</span>:</strong> <em>I doubt it</em></div><div class="chat"><small> xilio101 joined</small></div><div class="spacer battle-history"><br></div><div class="battle-history">Panty&amp;Stockings withdrew Hoopa!<br></div><div class="battle-history">Panty&amp;Stockings sent out <strong>Torkoal</strong>!<br></div><div class="battle-history">[The opposing Torkoal's Drought]<br><small>The sunlight turned harsh!</small><br></div><div class="spacer battle-history"><br></div><div class="battle-history"><small>Audino's Audinite is reacting to the Key Stone!</small><br>Audino has Mega Evolved into Mega Audino!<br></div><div class="spacer battle-history"><br></div><div class="battle-history">Audino used <strong>Wish</strong>!<br></div><div class="spacer battle-history"><br></div><div class="battle-history"><small>(The sunlight is strong.)</small><br></div><div class="battle-history"><small>Audino was hurt by its burn!</small><br></div><div class="spacer battle-history"><br></div><h2 class="battle-history">Turn 32</h2><div class="spacer battle-history"><br></div><div class="battle-history">Audino used <strong>Protect</strong>!<br></div><div class="battle-history"><small>Audino protected itself!</small><br></div><div class="spacer battle-history"><br></div><div class="battle-history">The opposing Torkoal used <strong>Lava Plume</strong>!<br></div><div class="battle-history"><small>Audino protected itself!</small><br></div><div class="spacer battle-history"><br></div><div class="battle-history"><small>(The sunlight is strong.)</small><br></div><div class="battle-history"><small>Audino's wish came true!</small><br></div><div class="battle-history"><small>Audino was hurt by its burn!</small><br></div><div class="spacer battle-history"><br></div><h2 class="battle-history">Turn 33</h2><div class="spacer battle-history"><br></div><div class="battle-history">Audino used <strong>Wish</strong>!<br></div><div class="spacer battle-history"><br></div><div class="battle-history">The opposing Torkoal used <strong>Lava Plume</strong>!<br></div><div class="battle-history"><small>(Audino lost <abbr title="−76/339">22.4%</abbr> of its health!)</small><br></div><div class="spacer battle-history"><br></div><div class="battle-history"><small>(The sunlight is strong.)</small><br></div><div class="battle-history"><small>Audino was hurt by its burn!</small><br></div><div class="spacer battle-history"><br></div><h2 class="battle-history">Turn 34</h2><div class="spacer battle-history"><br></div><div class="battle-history">Panty&amp;Stockings withdrew Torkoal!<br></div><div class="battle-history">Panty&amp;Stockings sent out Hoopa (<strong>Hoopa-Unbound</strong>)!<br></div><div class="spacer battle-history"><br></div><div class="battle-history">Audino used <strong>Protect</strong>!<br></div><div class="battle-history"><small>But it failed!</small><br></div><div class="spacer battle-history"><br></div><div class="battle-history"><small>(The sunlight is strong.)</small><br></div><div class="battle-history"><small>Audino's wish came true!</small><br></div><div class="battle-history"><small>Audino was hurt by its burn!</small><br></div><div class="spacer battle-history"><br></div><h2 class="battle-history">Turn 35</h2><div class="chat"><small></small></div><div class="chat message-error">35Q71N has 120 seconds left.</div><div class="spacer battle-history"><br></div><div class="battle-history">Audino used <strong>Dazzling Gleam</strong>!<br></div><div class="battle-history"><small>It's super effective!</small><br></div><div class="battle-history"><small>(The opposing Hoopa lost <abbr title="−73/262">27.9%</abbr> of its health!)</small><br></div><div class="spacer battle-history"><br></div><div class="battle-history">The opposing Hoopa fainted!<br></div><div class="spacer battle-history"><br></div><div class="battle-history"><small>The harsh sunlight faded.</small><br></div><div class="battle-history"><small>Audino was hurt by its burn!</small><br></div><div class="spacer battle-history"><br></div><div class="battle-history">Panty&amp;Stockings sent out <strong>Torkoal</strong>!<br></div><div class="battle-history">[The opposing Torkoal's Drought]<br><small>The sunlight turned harsh!</small><br></div><div class="spacer battle-history"><br></div><h2 class="battle-history">Turn 36</h2><div class="spacer battle-history"><br></div><div class="battle-history">Audino used <strong>Wish</strong>!<br></div><div class="spacer battle-history"><br></div><div class="battle-history">The opposing Torkoal used <strong>Lava Plume</strong>!<br></div><div class="battle-history"><small>(Audino lost <abbr title="−78/339">23.0%</abbr> of its health!)</small><br></div><div class="spacer battle-history"><br></div><div class="battle-history"><small>(The sunlight is strong.)</small><br></div><div class="battle-history"><small>Audino was hurt by its burn!</small><br></div><div class="spacer battle-history"><br></div><h2 class="battle-history">Turn 37</h2><div class="chat message-error">Panty&amp;Stockings has 120 seconds left.</div><div class="spacer battle-history"><br></div><div class="battle-history">Panty&amp;Stockings withdrew Torkoal!<br></div><div class="battle-history">Panty&amp;Stockings sent out <strong>Spiritomb</strong>!<br></div><div class="spacer battle-history"><br></div><div class="battle-history">Audino used <strong>Toxic</strong>!<br></div><div class="battle-history"><small>The opposing Spiritomb was badly poisoned!</small><br></div><div class="spacer battle-history"><br></div><div class="battle-history"><small>(The sunlight is strong.)</small><br></div><div class="battle-history"><small>Audino's wish came true!</small><br></div><div class="battle-history"><small>The opposing Spiritomb was hurt by poison!</small><br></div><div class="battle-history"><small>Audino was hurt by its burn!</small><br></div><div class="spacer battle-history"><br></div><h2 class="battle-history">Turn 38</h2><div class="chat chatmessage-pantystockings"><strong style="color:#8a9515"><small>☆</small><span class="username" data-name="Panty&amp;Stockings">Panty&amp;Stockings</span>:</strong> <em>gg</em></div><div class="chat message-error">Panty&amp;Stockings has 120 seconds left.</div><div class="chat chatmessage-35q71n"><strong style="color:#ba134b"><small>☆</small><span class="username" data-name="35Q71N">35Q71N</span>:</strong> <em>Oh damn</em></div><div class="chat chatmessage-thegobletofgoo"><strong style="color:#839414"><small> </small><span class="username" data-name="TheGobletOfGoo">TheGobletOfGoo</span>:</strong> <em>DAYUMMMM</em></div><div class="spacer battle-history"><br></div><div class="battle-history"><small>Panty&amp;Stockings forfeited.</small><br></div><div class="spacer battle-history"><br></div><div class="battle-history"><strong>35Q71N</strong> won the battle!<br></div><div class="chat"><small> UFo3208_ and ☆Panty&amp;Stockings left</small></div></div><div class="inner-preempt message-log"></div></div></div>
</div>
<script>
let daily = Math.floor(Date.now()/1000/60/60/24);document.write('<script src="https://play.pokemonshowdown.com/js/replay-embed.js?version'+daily+'"></'+'script>');
</script>
