<!DOCTYPE html>
<meta charset="utf-8" />
<!-- version 1 -->
<title>[Gen 7] Random Battle replay: Thefallenpea vs. eljmqz</title>
<style>
html,body {font-family:Verdana, sans-serif;font-size:10pt;margin:0;padding:0;}body{padding:12px 0;} .battle-log {font-family:Verdana, sans-serif;font-size:10pt;} .battle-log-inline {border:1px solid #AAAAAA;background:#EEF2F5;color:black;max-width:640px;margin:0 auto 80px;padding-bottom:5px;} .battle-log .inner {padding:4px 8px 0px 8px;} .battle-log .inner-preempt {padding:0 8px 4px 8px;} .battle-log .inner-after {margin-top:0.5em;} .battle-log h2 {margin:0.5em -8px;padding:4px 8px;border:1px solid #AAAAAA;background:#E0E7EA;border-left:0;border-right:0;font-family:Verdana, sans-serif;font-size:13pt;} .battle-log .chat {vertical-align:middle;padding:3px 0 3px 0;font-size:8pt;} .battle-log .chat strong {color:#40576A;} .battle-log .chat em {padding:1px 4px 1px 3px;color:#000000;font-style:normal;} .chat.mine {background:rgba(0,0,0,0.05);margin-left:-8px;margin-right:-8px;padding-left:8px;padding-right:8px;} .spoiler {color:#BBBBBB;background:#BBBBBB;padding:0px 3px;} .spoiler:hover, .spoiler:active, .spoiler-shown {color:#000000;background:#E2E2E2;padding:0px 3px;} .spoiler a {color:#BBBBBB;} .spoiler:hover a, .spoiler:active a, .spoiler-shown a {color:#2288CC;} .chat code, .chat .spoiler:hover code, .chat .spoiler:active code, .chat .spoiler-shown code {border:1px solid #C0C0C0;background:#EEEEEE;color:black;padding:0 2px;} .chat .spoiler code {border:1px solid #CCCCCC;background:#CCCCCC;color:#CCCCCC;} .battle-log .rated {padding:3px 4px;} .battle-log .rated strong {color:white;background:#89A;padding:1px 4px;border-radius:4px;} .spacer {margin-top:0.5em;} .message-announce {background:#6688AA;color:white;padding:1px 4px 2px;} .message-announce a, .broadcast-green a, .broadcast-blue a, .broadcast-red a {color:#DDEEFF;} .broadcast-green {background-color:#559955;color:white;padding:2px 4px;} .broadcast-blue {background-color:#6688AA;color:white;padding:2px 4px;} .infobox {border:1px solid #6688AA;padding:2px 4px;} .infobox-limited {max-height:200px;overflow:auto;overflow-x:hidden;} .broadcast-red {background-color:#AA5544;color:white;padding:2px 4px;} .message-learn-canlearn {font-weight:bold;color:#228822;text-decoration:underline;} .message-learn-cannotlearn {font-weight:bold;color:#CC2222;text-decoration:underline;} .message-effect-weak {font-weight:bold;color:#CC2222;} .message-effect-resist {font-weight:bold;color:#6688AA;} .message-effect-immune {font-weight:bold;color:#666666;} .message-learn-list {margin-top:0;margin-bottom:0;} .message-throttle-notice, .message-error {color:#992222;} .message-overflow, .chat small.message-overflow {font-size:0pt;} .message-overflow::before {font-size:9pt;content:'...';} .subtle {color:#3A4A66;}
</style>
<div class="wrapper replay-wrapper" style="max-width:1180px;margin:0 auto">
<input type="hidden" name="replayid" value="gen7randombattle-2110333216" />
<div class="battle"></div><div class="battle-log"></div><div class="replay-controls"></div><div class="replay-controls-2"></div>
<h1 style="font-weight:normal;text-align:center"><strong>[Gen 7] Random Battle</strong><br /><a href="http://pokemonshowdown.com/users/thefallenpea" class="subtle" target="_blank">Thefallenpea</a> vs. <a href="http://pokemonshowdown.com/users/eljmqz" class="subtle" target="_blank">eljmqz</a></h1>
<script type="text/plain" class="battle-log-data">|uhtml|medal-msg|<div class="broadcast-blue">Curious what those medals under the avatar are? PS now has Ladder Seasons! For more information, check out the <a href="https:\/\/www.smogon.com\/forums\/threads\/3740067\/">thread on Smogon.<\/a><\/div>
|uhtml|medal-msg|<div class="broadcast-blue">Curious what those medals under the avatar are? PS now has Ladder Seasons! For more information, check out the <a href="https:\/\/www.smogon.com\/forums\/threads\/3740067\/">thread on Smogon.<\/a><\/div>
|j|☆Thefallenpea
|j|☆eljmqz
|t:|1713941065
|gametype|singles
|player|p1|Thefallenpea|roxie|1500
|player|p2|eljmqz|pokekid|1602
|teamsize|p1|6
|teamsize|p2|6
|gen|7
|tier|[Gen 7] Random Battle
|rated|
|rule|Sleep Clause Mod: Limit one foe put to sleep
|rule|HP Percentage Mod: HP is shown in percentages
|rule|Illusion Level Mod: Illusion disguises the Pokémon's true level
|
|t:|1713941065
|start
|switch|p1a: Xerneas|Xerneas, L66|276\/276
|switch|p2a: Haxorus|Haxorus, L77, M|244\/244
|-ability|p2a: Haxorus|Mold Breaker
|-ability|p1a: Xerneas|Fairy Aura
|turn|1
|inactive|Battle timer is ON: inactive players will automatically lose when time's up. (requested by eljmqz)
|inactive|Thefallenpea also wants the timer to be on.
|
|t:|1713941077
|switch|p1a: Gligar|Gligar, L83, F|244\/244
|move|p2a: Haxorus|Poison Jab|p1a: Gligar
|-resisted|p1a: Gligar
|-damage|p1a: Gligar|226\/244
|
|upkeep
|turn|2
|
|t:|1713941092
|switch|p2a: Ninetales|Ninetales-Alola, L80, F|247\/247
|-weather|Hail|[from] ability: Snow Warning|[of] p2a: Ninetales
|move|p1a: Gligar|Stealth Rock|p2a: Ninetales
|-sidestart|p2: eljmqz|move: Stealth Rock
|
|-weather|Hail|[upkeep]
|-damage|p1a: Gligar|211\/244|[from] Hail
|upkeep
|turn|3
|
|t:|1713941109
|switch|p1a: Volbeat|Volbeat, L90, M|263\/263
|move|p2a: Ninetales|Aurora Veil|p2a: Ninetales
|-sidestart|p2: eljmqz|move: Aurora Veil
|
|-weather|Hail|[upkeep]
|-damage|p1a: Volbeat|247\/263|[from] Hail
|-heal|p1a: Volbeat|263\/263|[from] item: Leftovers
|upkeep
|turn|4
|
|t:|1713941122
|switch|p2a: Clawitzer|Clawitzer, L87, F|265\/265
|-damage|p2a: Clawitzer|232\/265|[from] Stealth Rock
|move|p1a: Volbeat|Encore||[still]
|-fail|p1a: Volbeat
|
|-weather|Hail|[upkeep]
|-damage|p1a: Volbeat|247\/263|[from] Hail
|-damage|p2a: Clawitzer|216\/265|[from] Hail
|-heal|p1a: Volbeat|263\/263|[from] item: Leftovers
|upkeep
|turn|5
|
|t:|1713941140
|move|p1a: Volbeat|Thunder Wave|p2a: Clawitzer|[miss]
|-miss|p1a: Volbeat|p2a: Clawitzer
|move|p2a: Clawitzer|Scald|p1a: Volbeat
|-damage|p1a: Volbeat|107\/263
|
|-weather|Hail|[upkeep]
|-damage|p1a: Volbeat|91\/263|[from] Hail
|-damage|p2a: Clawitzer|200\/265|[from] Hail
|-heal|p1a: Volbeat|107\/263|[from] item: Leftovers
|upkeep
|turn|6
|
|t:|1713941159
|move|p1a: Volbeat|Thunder Wave|p2a: Clawitzer
|-status|p2a: Clawitzer|par
|move|p2a: Clawitzer|Scald|p1a: Volbeat
|-damage|p1a: Volbeat|0 fnt
|faint|p1a: Volbeat
|
|-weather|none
|upkeep
|
|t:|1713941173
|switch|p1a: Hitmonchan|Hitmonchan, L89, M|234\/234
|turn|7
|
|t:|1713941178
|move|p1a: Hitmonchan|Drain Punch|p2a: Clawitzer
|-damage|p2a: Clawitzer|116\/265 par
|cant|p2a: Clawitzer|par
|
|upkeep
|turn|8
|
|t:|1713941185
|move|p1a: Hitmonchan|Drain Punch|p2a: Clawitzer
|-damage|p2a: Clawitzer|41\/265 par
|move|p2a: Clawitzer|Scald|p1a: Hitmonchan
|-damage|p1a: Hitmonchan|99\/234
|
|upkeep
|turn|9
|
|t:|1713941193
|move|p1a: Hitmonchan|Drain Punch|p2a: Clawitzer
|-damage|p2a: Clawitzer|0 fnt
|-heal|p1a: Hitmonchan|120\/234|[from] drain|[of] p2a: Clawitzer
|faint|p2a: Clawitzer
|
|upkeep
|
|t:|1713941209
|switch|p2a: Haxorus|Haxorus, L77, M|244\/244
|-damage|p2a: Haxorus|214\/244|[from] Stealth Rock
|-ability|p2a: Haxorus|Mold Breaker
|turn|10
|
|t:|1713941220
|move|p2a: Haxorus|Dragon Dance|p2a: Haxorus
|-boost|p2a: Haxorus|atk|1
|-boost|p2a: Haxorus|spe|1
|move|p1a: Hitmonchan|Drain Punch|p2a: Haxorus
|-damage|p2a: Haxorus|119\/244
|-heal|p1a: Hitmonchan|168\/234|[from] drain|[of] p2a: Haxorus
|
|-sideend|p2: eljmqz|move: Aurora Veil
|upkeep
|turn|11
|
|t:|1713941230
|-zpower|p2a: Haxorus
|move|p2a: Haxorus|Devastating Drake|p1a: Hitmonchan|[zeffect]
|-damage|p1a: Hitmonchan|0 fnt
|faint|p1a: Hitmonchan
|
|upkeep
|
|t:|1713941240
|switch|p1a: Gligar|Gligar, L83, F|211\/244
|turn|12
|
|t:|1713941244
|move|p2a: Haxorus|Poison Jab|p1a: Gligar
|-resisted|p1a: Gligar
|-damage|p1a: Gligar|179\/244
|move|p1a: Gligar|Toxic|p2a: Haxorus
|-status|p2a: Haxorus|tox
|
|-damage|p2a: Haxorus|104\/244 tox|[from] psn
|upkeep
|turn|13
|
|t:|1713941263
|switch|p1a: Machamp|Machamp, L84, F|288\/288
|move|p2a: Haxorus|Dragon Dance|p2a: Haxorus
|-boost|p2a: Haxorus|atk|1
|-boost|p2a: Haxorus|spe|1
|
|-damage|p2a: Haxorus|74\/244 tox|[from] psn
|-status|p1a: Machamp|brn|[from] item: Flame Orb
|upkeep
|turn|14
|
|t:|1713941279
|move|p2a: Haxorus|Outrage|p1a: Machamp
|-damage|p1a: Machamp|0 fnt
|faint|p1a: Machamp
|
|-damage|p2a: Haxorus|29\/244 tox|[from] psn
|upkeep
|
|t:|1713941285
|switch|p1a: Crawdaunt|Crawdaunt, L85, F|246\/246
|turn|15
|
|t:|1713941290
|move|p1a: Crawdaunt|Aqua Jet|p2a: Haxorus
|-resisted|p2a: Haxorus
|-damage|p2a: Haxorus|0 fnt
|faint|p2a: Haxorus
|-damage|p1a: Crawdaunt|222\/246|[from] item: Life Orb
|
|upkeep
|
|t:|1713941296
|switch|p2a: Ninetales|Ninetales-Alola, L80, F|247\/247
|-damage|p2a: Ninetales|186\/247|[from] Stealth Rock
|-weather|Hail|[from] ability: Snow Warning|[of] p2a: Ninetales
|turn|16
|
|t:|1713941302
|move|p2a: Ninetales|Aurora Veil|p2a: Ninetales
|-sidestart|p2: eljmqz|move: Aurora Veil
|move|p1a: Crawdaunt|Crabhammer|p2a: Ninetales
|-crit|p2a: Ninetales
|-damage|p2a: Ninetales|0 fnt
|faint|p2a: Ninetales
|-damage|p1a: Crawdaunt|198\/246|[from] item: Life Orb
|
|-weather|Hail|[upkeep]
|-damage|p1a: Crawdaunt|183\/246|[from] Hail
|upkeep
|
|t:|1713941313
|switch|p2a: Escavalier|Escavalier, L85, F|258\/258
|-damage|p2a: Escavalier|226\/258|[from] Stealth Rock
|turn|17
|
|t:|1713941328
|switch|p1a: Gligar|Gligar, L83, F|179\/244
|move|p2a: Escavalier|Megahorn|p1a: Gligar
|-resisted|p1a: Gligar
|-damage|p1a: Gligar|109\/244
|
|-weather|Hail|[upkeep]
|-damage|p1a: Gligar|94\/244|[from] Hail
|-damage|p2a: Escavalier|210\/258|[from] Hail
|upkeep
|turn|18
|
|t:|1713941340
|switch|p2a: Raticate|Raticate-Alola, L88, M|275\/275
|-damage|p2a: Raticate|241\/275|[from] Stealth Rock
|move|p1a: Gligar|Roost|p1a: Gligar
|-heal|p1a: Gligar|216\/244
|-singleturn|p1a: Gligar|move: Roost
|
|-weather|Hail|[upkeep]
|-damage|p1a: Gligar|201\/244|[from] Hail
|-damage|p2a: Raticate|224\/275|[from] Hail
|upkeep
|turn|19
|
|t:|1713941351
|move|p1a: Gligar|Toxic|p2a: Raticate
|-status|p2a: Raticate|tox
|move|p2a: Raticate|Swords Dance|p2a: Raticate
|-boost|p2a: Raticate|atk|2
|
|-weather|Hail|[upkeep]
|-damage|p1a: Gligar|186\/244|[from] Hail
|-damage|p2a: Raticate|207\/275 tox|[from] Hail
|-damage|p2a: Raticate|190\/275 tox|[from] psn
|upkeep
|turn|20
|
|t:|1713941363
|move|p1a: Gligar|Roost|p1a: Gligar
|-heal|p1a: Gligar|244\/244
|-singleturn|p1a: Gligar|move: Roost
|move|p2a: Raticate|Knock Off|p1a: Gligar
|-damage|p1a: Gligar|20\/244
|-enditem|p1a: Gligar|Eviolite|[from] move: Knock Off|[of] p2a: Raticate
|-damage|p2a: Raticate|163\/275 tox|[from] item: Life Orb
|
|-weather|none
|-damage|p2a: Raticate|129\/275 tox|[from] psn
|upkeep
|turn|21
|
|t:|1713941374
|move|p1a: Gligar|Earthquake|p2a: Raticate
|-damage|p2a: Raticate|84\/275 tox
|move|p2a: Raticate|Knock Off|p1a: Gligar
|-damage|p1a: Gligar|0 fnt
|faint|p1a: Gligar
|-damage|p2a: Raticate|57\/275 tox|[from] item: Life Orb
|
|-damage|p2a: Raticate|6\/275 tox|[from] psn
|upkeep
|
|t:|1713941381
|switch|p1a: Crawdaunt|Crawdaunt, L85, F|183\/246
|turn|22
|
|t:|1713941394
|move|p2a: Raticate|Sucker Punch||[still]
|-fail|p2a: Raticate
|move|p1a: Crawdaunt|Swords Dance|p1a: Crawdaunt
|-boost|p1a: Crawdaunt|atk|2
|
|-damage|p2a: Raticate|0 fnt|[from] psn
|faint|p2a: Raticate
|upkeep
|
|t:|1713941402
|switch|p2a: Escavalier|Escavalier, L85, F|210\/258
|-damage|p2a: Escavalier|178\/258|[from] Stealth Rock
|turn|23
|
|t:|1713941412
|move|p1a: Crawdaunt|Crabhammer|p2a: Escavalier
|-damage|p2a: Escavalier|0 fnt
|faint|p2a: Escavalier
|-damage|p1a: Crawdaunt|159\/246|[from] item: Life Orb
|
|-sideend|p2: eljmqz|move: Aurora Veil
|upkeep
|
|t:|1713941419
|switch|p2a: Lunala|Lunala, L72|316\/316
|-damage|p2a: Lunala|277\/316|[from] Stealth Rock
|turn|24
|
|t:|1713941424
|move|p1a: Crawdaunt|Aqua Jet|p2a: Lunala
|-crit|p2a: Lunala
|-damage|p2a: Lunala|0 fnt
|faint|p2a: Lunala
|-damage|p1a: Crawdaunt|135\/246|[from] item: Life Orb
|
|win|Thefallenpea
|raw|Thefallenpea's rating: 1500 &rarr; <strong>1526<\/strong><br \/>(+26 for winning)
|raw|eljmqz's rating: 1602 &rarr; <strong>1576<\/strong><br \/>(-26 for losing)
|l|☆eljmqz
|player|p2|
|c|☆Thefallenpea|the goattt
</script>
</div>
<div class="battle-log battle-log-inline"><div class="inner"><div class="battle-options"></div><div class="inner message-log"><div class="notice uhtml-medalmsg"><div class="broadcast-blue">Curious what those medals under the avatar are? PS now has Ladder Seasons! For more information, check out the <a href="https://www.smogon.com/forums/threads/3740067/" target="_blank" rel="noopener">thread on Smogon.</a></div></div><div class="chat"><small>☆Thefallenpea and ☆eljmqz joined</small></div><div class=""><small>Format:</small> <br><strong>[Gen 7] Random Battle</strong></div><div class="rated"><strong>Rated battle</strong></div><div class=""><small><em>Sleep Clause Mod:</em> Limit one foe put to sleep</small></div><div class=""><small><em>HP Percentage Mod:</em> HP is shown in percentages</small></div><div class=""><small><em>Illusion Level Mod:</em> Illusion disguises the Pokémon's true level</small></div><div class="spacer battle-history"><br></div><div class="battle-history">Battle started between Thefallenpea and eljmqz!<br></div><div class="spacer battle-history"><br></div><div class="battle-history">Go! <strong>Xerneas</strong>!<br></div><div class="spacer battle-history"><br></div><div class="battle-history">eljmqz sent out <strong>Haxorus</strong>!<br></div><div class="battle-history">[The opposing Haxorus's Mold Breaker]<br><small>The opposing Haxorus breaks the mold!</small><br></div><div class="battle-history">[Xerneas's Fairy Aura]<br><small>Xerneas is radiating a fairy aura!</small><br></div><div class="spacer battle-history"><br></div><h2 class="battle-history">Turn 1</h2><div class="chat message-error">Battle timer is ON: inactive players will automatically lose when time's up. (requested by eljmqz)</div><div class="chat message-error">Thefallenpea also wants the timer to be on.</div><div class="spacer battle-history"><br></div><div class="battle-history">Xerneas, come back!<br></div><div class="battle-history">Go! <strong>Gligar</strong>!<br></div><div class="spacer battle-history"><br></div><div class="battle-history">The opposing Haxorus used <strong>Poison Jab</strong>!<br></div><div class="battle-history"><small>It's not very effective...</small><br></div><div class="battle-history"><small>(Gligar lost <abbr title="−18/244">7.4%</abbr> of its health!)</small><br></div><div class="spacer battle-history"><br></div><h2 class="battle-history">Turn 2</h2><div class="spacer battle-history"><br></div><div class="battle-history">eljmqz withdrew Haxorus!<br></div><div class="battle-history">eljmqz sent out Ninetales (<strong>Ninetales-Alola</strong>)!<br></div><div class="battle-history">[The opposing Ninetales's Snow Warning]<br><small>It started to hail!</small><br></div><div class="spacer battle-history"><br></div><div class="battle-history">Gligar used <strong>Stealth Rock</strong>!<br></div><div class="battle-history"><small>Pointed stones float in the air around the opposing team!</small><br></div><div class="spacer battle-history"><br></div><div class="battle-history"><small>(The hail is crashing down.)</small><br></div><div class="battle-history"><small>Gligar is buffeted by the hail!</small><br></div><div class="spacer battle-history"><br></div><h2 class="battle-history">Turn 3</h2><div class="spacer battle-history"><br></div><div class="battle-history">Gligar, come back!<br></div><div class="battle-history">Go! <strong>Volbeat</strong>!<br></div><div class="spacer battle-history"><br></div><div class="battle-history">The opposing Ninetales used <strong>Aurora Veil</strong>!<br></div><div class="battle-history"><small>Aurora Veil made the opposing team stronger against physical and special moves!</small><br></div><div class="spacer battle-history"><br></div><div class="battle-history"><small>(The hail is crashing down.)</small><br></div><div class="battle-history"><small>Volbeat is buffeted by the hail!</small><br></div><div class="battle-history"><small>Volbeat restored a little HP using its Leftovers!</small><br></div><div class="spacer battle-history"><br></div><h2 class="battle-history">Turn 4</h2><div class="spacer battle-history"><br></div><div class="battle-history">eljmqz withdrew Ninetales!<br></div><div class="battle-history">eljmqz sent out <strong>Clawitzer</strong>!<br></div><div class="battle-history"><small>Pointed stones dug into the opposing Clawitzer!</small><br></div><div class="spacer battle-history"><br></div><div class="battle-history">Volbeat used <strong>Encore</strong>!<br></div><div class="battle-history"><small>But it failed!</small><br></div><div class="spacer battle-history"><br></div><div class="battle-history"><small>(The hail is crashing down.)</small><br></div><div class="battle-history"><small>Volbeat is buffeted by the hail!</small><br></div><div class="battle-history"><small>The opposing Clawitzer is buffeted by the hail!</small><br></div><div class="battle-history"><small>Volbeat restored a little HP using its Leftovers!</small><br></div><div class="spacer battle-history"><br></div><h2 class="battle-history">Turn 5</h2><div class="spacer battle-history"><br></div><div class="battle-history">Volbeat used <strong>Thunder Wave</strong>!<br></div><div class="battle-history"><small>The opposing Clawitzer avoided the attack!</small><br></div><div class="spacer battle-history"><br></div><div class="battle-history">The opposing Clawitzer used <strong>Scald</strong>!<br></div><div class="battle-history"><small>(Volbeat lost <abbr title="−156/263">59.3%</abbr> of its health!)</small><br></div><div class="spacer battle-history"><br></div><div class="battle-history"><small>(The hail is crashing down.)</small><br></div><div class="battle-history"><small>Volbeat is buffeted by the hail!</small><br></div><div class="battle-history"><small>The opposing Clawitzer is buffeted by the hail!</small><br></div><div class="battle-history"><small>Volbeat restored a little HP using its Leftovers!</small><br></div><div class="spacer battle-history"><br></div><h2 class="battle-history">Turn 6</h2><div class="spacer battle-history"><br></div><div class="battle-history">Volbeat used <strong>Thunder Wave</strong>!<br></div><div class="battle-history"><small>The opposing Clawitzer is paralyzed! It may be unable to move!</small><br></div><div class="spacer battle-history"><br></div><div class="battle-history">The opposing Clawitzer used <strong>Scald</strong>!<br></div><div class="battle-history"><small>(Volbeat lost <abbr title="−107/263">40.7%</abbr> of its health!)</small><br></div><div class="spacer battle-history"><br></div><div class="battle-history">Volbeat fainted!<br></div><div class="spacer battle-history"><br></div><div class="battle-history"><small>The hail stopped.</small><br></div><div class="spacer battle-history"><br></div><div class="battle-history">Go! <strong>Hitmonchan</strong>!<br></div><div class="spacer battle-history"><br></div><h2 class="battle-history">Turn 7</h2><div class="spacer battle-history"><br></div><div class="battle-history">Hitmonchan used <strong>Drain Punch</strong>!<br></div><div class="battle-history"><small>(The opposing Clawitzer lost <abbr title="−84/265">31.7%</abbr> of its health!)</small><br></div><div class="spacer battle-history"><br></div><div class="battle-history">The opposing Clawitzer is paralyzed! It can't move!<br></div><div class="spacer battle-history"><br></div><h2 class="battle-history">Turn 8</h2><div class="spacer battle-history"><br></div><div class="battle-history">Hitmonchan used <strong>Drain Punch</strong>!<br></div><div class="battle-history"><small>(The opposing Clawitzer lost <abbr title="−75/265">28.3%</abbr> of its health!)</small><br></div><div class="spacer battle-history"><br></div><div class="battle-history">The opposing Clawitzer used <strong>Scald</strong>!<br></div><div class="battle-history"><small>(Hitmonchan lost <abbr title="−135/234">57.7%</abbr> of its health!)</small><br></div><div class="spacer battle-history"><br></div><h2 class="battle-history">Turn 9</h2><div class="spacer battle-history"><br></div><div class="battle-history">Hitmonchan used <strong>Drain Punch</strong>!<br></div><div class="battle-history"><small>(The opposing Clawitzer lost <abbr title="−41/265">15.5%</abbr> of its health!)</small><br></div><div class="battle-history"><small>The opposing Clawitzer had its energy drained!</small><br></div><div class="spacer battle-history"><br></div><div class="battle-history">The opposing Clawitzer fainted!<br></div><div class="spacer battle-history"><br></div><div class="battle-history">eljmqz sent out <strong>Haxorus</strong>!<br></div><div class="battle-history"><small>Pointed stones dug into the opposing Haxorus!</small><br></div><div class="battle-history">[The opposing Haxorus's Mold Breaker]<br><small>The opposing Haxorus breaks the mold!</small><br></div><div class="spacer battle-history"><br></div><h2 class="battle-history">Turn 10</h2><div class="spacer battle-history"><br></div><div class="battle-history">The opposing Haxorus used <strong>Dragon Dance</strong>!<br></div><div class="battle-history"><small>The opposing Haxorus's Attack rose!</small><br></div><div class="battle-history"><small>The opposing Haxorus's Speed rose!</small><br></div><div class="spacer battle-history"><br></div><div class="battle-history">Hitmonchan used <strong>Drain Punch</strong>!<br></div><div class="battle-history"><small>(The opposing Haxorus lost <abbr title="−95/244">38.9%</abbr> of its health!)</small><br></div><div class="battle-history"><small>The opposing Haxorus had its energy drained!</small><br></div><div class="spacer battle-history"><br></div><div class="battle-history"><small>The opposing team's Aurora Veil wore off!</small><br></div><div class="spacer battle-history"><br></div><h2 class="battle-history">Turn 11</h2><div class="spacer battle-history"><br></div><div class="battle-history"><small>The opposing Haxorus surrounded itself with its Z-Power!</small><br></div><div class="spacer battle-history"><br></div><div class="battle-history"><small>The opposing Haxorus unleashes its full-force Z-Move!</small><br>The opposing Haxorus used <strong>Devastating Drake</strong>!<br></div><div class="battle-history"><small>(Hitmonchan lost <abbr title="−168/234">71.8%</abbr> of its health!)</small><br></div><div class="spacer battle-history"><br></div><div class="battle-history">Hitmonchan fainted!<br></div><div class="spacer battle-history"><br></div><div class="battle-history">Go! <strong>Gligar</strong>!<br></div><div class="spacer battle-history"><br></div><h2 class="battle-history">Turn 12</h2><div class="spacer battle-history"><br></div><div class="battle-history">The opposing Haxorus used <strong>Poison Jab</strong>!<br></div><div class="battle-history"><small>It's not very effective...</small><br></div><div class="battle-history"><small>(Gligar lost <abbr title="−32/244">13.1%</abbr> of its health!)</small><br></div><div class="spacer battle-history"><br></div><div class="battle-history">Gligar used <strong>Toxic</strong>!<br></div><div class="battle-history"><small>The opposing Haxorus was badly poisoned!</small><br></div><div class="spacer battle-history"><br></div><div class="battle-history"><small>The opposing Haxorus was hurt by poison!</small><br></div><div class="spacer battle-history"><br></div><h2 class="battle-history">Turn 13</h2><div class="spacer battle-history"><br></div><div class="battle-history">Gligar, come back!<br></div><div class="battle-history">Go! <strong>Machamp</strong>!<br></div><div class="spacer battle-history"><br></div><div class="battle-history">The opposing Haxorus used <strong>Dragon Dance</strong>!<br></div><div class="battle-history"><small>The opposing Haxorus's Attack rose!</small><br></div><div class="battle-history"><small>The opposing Haxorus's Speed rose!</small><br></div><div class="spacer battle-history"><br></div><div class="battle-history"><small>The opposing Haxorus was hurt by poison!</small><br></div><div class="battle-history"><small>Machamp was burned!</small><br></div><div class="spacer battle-history"><br></div><h2 class="battle-history">Turn 14</h2><div class="spacer battle-history"><br></div><div class="battle-history">The opposing Haxorus used <strong>Outrage</strong>!<br></div><div class="battle-history"><small>(Machamp lost <abbr title="−288/288">100%</abbr> of its health!)</small><br></div><div class="spacer battle-history"><br></div><div class="battle-history">Machamp fainted!<br></div><div class="spacer battle-history"><br></div><div class="battle-history"><small>The opposing Haxorus was hurt by poison!</small><br></div><div class="spacer battle-history"><br></div><div class="battle-history">Go! <strong>Crawdaunt</strong>!<br></div><div class="spacer battle-history"><br></div><h2 class="battle-history">Turn 15</h2><div class="spacer battle-history"><br></div><div class="battle-history">Crawdaunt used <strong>Aqua Jet</strong>!<br></div><div class="battle-history"><small>It's not very effective...</small><br></div><div class="battle-history"><small>(The opposing Haxorus lost <abbr title="−29/244">11.9%</abbr> of its health!)</small><br></div><div class="spacer battle-history"><br></div><div class="battle-history">The opposing Haxorus fainted!<br></div><div class="battle-history"><small>Crawdaunt lost some of its HP!</small><br></div><div class="spacer battle-history"><br></div><div class="battle-history">eljmqz sent out Ninetales (<strong>Ninetales-Alola</strong>)!<br></div><div class="battle-history"><small>Pointed stones dug into the opposing Ninetales!</small><br></div><div class="battle-history">[The opposing Ninetales's Snow Warning]<br><small>It started to hail!</small><br></div><div class="spacer battle-history"><br></div><h2 class="battle-history">Turn 16</h2><div class="spacer battle-history"><br></div><div class="battle-history">The opposing Ninetales used <strong>Aurora Veil</strong>!<br></div><div class="battle-history"><small>Aurora Veil made the opposing team stronger against physical and special moves!</small><br></div><div class="spacer battle-history"><br></div><div class="battle-history">Crawdaunt used <strong>Crabhammer</strong>!<br></div><div class="battle-history"><small>A critical hit!</small><br></div><div class="battle-history"><small>(The opposing Ninetales lost <abbr title="−186/247">75.3%</abbr> of its health!)</small><br></div><div class="spacer battle-history"><br></div><div class="battle-history">The opposing Ninetales fainted!<br></div><div class="battle-history"><small>Crawdaunt lost some of its HP!</small><br></div><div class="spacer battle-history"><br></div><div class="battle-history"><small>(The hail is crashing down.)</small><br></div><div class="battle-history"><small>Crawdaunt is buffeted by the hail!</small><br></div><div class="spacer battle-history"><br></div><div class="battle-history">eljmqz sent out <strong>Escavalier</strong>!<br></div><div class="battle-history"><small>Pointed stones dug into the opposing Escavalier!</small><br></div><div class="spacer battle-history"><br></div><h2 class="battle-history">Turn 17</h2><div class="spacer battle-history"><br></div><div class="battle-history">Crawdaunt, come back!<br></div><div class="battle-history">Go! <strong>Gligar</strong>!<br></div><div class="spacer battle-history"><br></div><div class="battle-history">The opposing Escavalier used <strong>Megahorn</strong>!<br></div><div class="battle-history"><small>It's not very effective...</small><br></div><div class="battle-history"><small>(Gligar lost <abbr title="−70/244">28.7%</abbr> of its health!)</small><br></div><div class="spacer battle-history"><br></div><div class="battle-history"><small>(The hail is crashing down.)</small><br></div><div class="battle-history"><small>Gligar is buffeted by the hail!</small><br></div><div class="battle-history"><small>The opposing Escavalier is buffeted by the hail!</small><br></div><div class="spacer battle-history"><br></div><h2 class="battle-history">Turn 18</h2><div class="spacer battle-history"><br></div><div class="battle-history">eljmqz withdrew Escavalier!<br></div><div class="battle-history">eljmqz sent out Raticate (<strong>Raticate-Alola</strong>)!<br></div><div class="battle-history"><small>Pointed stones dug into the opposing Raticate!</small><br></div><div class="spacer battle-history"><br></div><div class="battle-history">Gligar used <strong>Roost</strong>!<br></div><div class="battle-history"><small>Gligar had its HP restored.</small><br></div><div class="battle-history"><small>(Gligar loses Flying type this turn.)</small><br></div><div class="spacer battle-history"><br></div><div class="battle-history"><small>(The hail is crashing down.)</small><br></div><div class="battle-history"><small>Gligar is buffeted by the hail!</small><br></div><div class="battle-history"><small>The opposing Raticate is buffeted by the hail!</small><br></div><div class="spacer battle-history"><br></div><h2 class="battle-history">Turn 19</h2><div class="spacer battle-history"><br></div><div class="battle-history">Gligar used <strong>Toxic</strong>!<br></div><div class="battle-history"><small>The opposing Raticate was badly poisoned!</small><br></div><div class="spacer battle-history"><br></div><div class="battle-history">The opposing Raticate used <strong>Swords Dance</strong>!<br></div><div class="battle-history"><small>The opposing Raticate's Attack rose sharply!</small><br></div><div class="spacer battle-history"><br></div><div class="battle-history"><small>(The hail is crashing down.)</small><br></div><div class="battle-history"><small>Gligar is buffeted by the hail!</small><br></div><div class="battle-history"><small>The opposing Raticate is buffeted by the hail!</small><br></div><div class="battle-history"><small>The opposing Raticate was hurt by poison!</small><br></div><div class="spacer battle-history"><br></div><h2 class="battle-history">Turn 20</h2><div class="spacer battle-history"><br></div><div class="battle-history">Gligar used <strong>Roost</strong>!<br></div><div class="battle-history"><small>Gligar had its HP restored.</small><br></div><div class="battle-history"><small>(Gligar loses Flying type this turn.)</small><br></div><div class="spacer battle-history"><br></div><div class="battle-history">The opposing Raticate used <strong>Knock Off</strong>!<br></div><div class="battle-history"><small>(Gligar lost <abbr title="−224/244">91.8%</abbr> of its health!)</small><br></div><div class="battle-history"><small>The opposing Raticate knocked off Gligar's Eviolite!</small><br></div><div class="battle-history"><small>The opposing Raticate lost some of its HP!</small><br></div><div class="spacer battle-history"><br></div><div class="battle-history"><small>The hail stopped.</small><br></div><div class="battle-history"><small>The opposing Raticate was hurt by poison!</small><br></div><div class="spacer battle-history"><br></div><h2 class="battle-history">Turn 21</h2><div class="spacer battle-history"><br></div><div class="battle-history">Gligar used <strong>Earthquake</strong>!<br></div><div class="battle-history"><small>(The opposing Raticate lost <abbr title="−45/275">16.4%</abbr> of its health!)</small><br></div><div class="spacer battle-history"><br></div><div class="battle-history">The opposing Raticate used <strong>Knock Off</strong>!<br></div><div class="battle-history"><small>(Gligar lost <abbr title="−20/244">8.2%</abbr> of its health!)</small><br></div><div class="spacer battle-history"><br></div><div class="battle-history">Gligar fainted!<br></div><div class="battle-history"><small>The opposing Raticate lost some of its HP!</small><br></div><div class="spacer battle-history"><br></div><div class="battle-history"><small>The opposing Raticate was hurt by poison!</small><br></div><div class="spacer battle-history"><br></div><div class="battle-history">Go! <strong>Crawdaunt</strong>!<br></div><div class="spacer battle-history"><br></div><h2 class="battle-history">Turn 22</h2><div class="spacer battle-history"><br></div><div class="battle-history">The opposing Raticate used <strong>Sucker Punch</strong>!<br></div><div class="battle-history"><small>But it failed!</small><br></div><div class="spacer battle-history"><br></div><div class="battle-history">Crawdaunt used <strong>Swords Dance</strong>!<br></div><div class="battle-history"><small>Crawdaunt's Attack rose sharply!</small><br></div><div class="spacer battle-history"><br></div><div class="battle-history"><small>The opposing Raticate was hurt by poison!</small><br></div><div class="spacer battle-history"><br></div><div class="battle-history">The opposing Raticate fainted!<br></div><div class="spacer battle-history"><br></div><div class="battle-history">eljmqz sent out <strong>Escavalier</strong>!<br></div><div class="battle-history"><small>Pointed stones dug into the opposing Escavalier!</small><br></div><div class="spacer battle-history"><br></div><h2 class="battle-history">Turn 23</h2><div class="spacer battle-history"><br></div><div class="battle-history">Crawdaunt used <strong>Crabhammer</strong>!<br></div><div class="battle-history"><small>(The opposing Escavalier lost <abbr title="−178/258">69.0%</abbr> of its health!)</small><br></div><div class="spacer battle-history"><br></div><div class="battle-history">The opposing Escavalier fainted!<br></div><div class="battle-history"><small>Crawdaunt lost some of its HP!</small><br></div><div class="spacer battle-history"><br></div><div class="battle-history"><small>The opposing team's Aurora Veil wore off!</small><br></div><div class="spacer battle-history"><br></div><div class="battle-history">eljmqz sent out <strong>Lunala</strong>!<br></div><div class="battle-history"><small>Pointed stones dug into the opposing Lunala!</small><br></div><div class="spacer battle-history"><br></div><h2 class="battle-history">Turn 24</h2><div class="spacer battle-history"><br></div><div class="battle-history">Crawdaunt used <strong>Aqua Jet</strong>!<br></div><div class="battle-history"><small>A critical hit!</small><br></div><div class="battle-history"><small>(The opposing Lunala lost <abbr title="−277/316">87.7%</abbr> of its health!)</small><br></div><div class="spacer battle-history"><br></div><div class="battle-history">The opposing Lunala fainted!<br></div><div class="battle-history"><small>Crawdaunt lost some of its HP!</small><br></div><div class="spacer battle-history"><br></div><div class="battle-history"><strong>Thefallenpea</strong> won the battle!<br></div><div class="chat">Thefallenpea's rating: 1500 → <strong>1526</strong><br>(+26 for winning)</div><div class="chat">eljmqz's rating: 1602 → <strong>1576</strong><br>(-26 for losing)</div><div class="chat"><small>☆eljmqz left</small></div><div class="chat chatmessage-thefallenpea"><strong style="color:#2daa3a"><small>☆</small><span class="username" data-name="Thefallenpea">Thefallenpea</span>:</strong> <em>the goattt</em></div></div><div class="inner-preempt message-log"></div></div></div>
</div>
<script>
let daily = Math.floor(Date.now()/1000/60/60/24);document.write('<script src="https://play.pokemonshowdown.com/js/replay-embed.js?version'+daily+'"></'+'script>');
</script>
